2742 4894
274 273 339 348 ‚36
492 233 662 344 ΜΛ.
748 247 1106 322 Morene

229 426 233 442 '
270 416 588 508 murmurmurmur,
619 422 673 476 aut
696 421 778 474 certe
801 429 965 496 numquam
975 406 1176 494 salutauerat
1192 408 1292 490 ,jerit

267 510 423 579 heredem.
451 517 527 583 quae
548 491 705 580 scriptura
729 494 750 560 st
775 494 861 560 telle
888 493 1125 580 distinguatur,
1151 493 1291 562 videntur

268 588 402 661 fortusse
418 585 497 649 vera.
537 581 603 646 Suo
622 579 757 664 quisquo
774 596 881 644 utatur
889 580 1027 662 judicio.
1051 575 1128 644 milti
1147 578 1292 662 quidem,
1346 627 1348 664 r

270 679 356 765 quod
379 675 406 737 in
426 684 537 732 vetere
553 664 636 730 libro
652 663 791 748 legitur,
813 665 940 730 minime
960 662 1116 748 displicet.
1347 673 1348 716 l

309 763 367 826 Cei
392 747 557 835 concerfiste'
585 763 617 814 ut
639 754 671 812 e'n
702 763 827 834 requae
849 751 941 815 uellet
963 747 1104 832 diceret]
1134 745 1227 829 Alii,
1258 763 1292 816 ut

271 867 327 912 non
342 840 425 904 merlo
448 839 481 901 e'n
501 849 549 912 te,
573 853 649 918 quae
665 835 755 896 uellet
767 878 778 912 ,
790 829 850 982 (el
869 838 901 899 in
919 853 1007 918 quem
1026 832 1143 909 uellet,
1166 833 1292 902 diceret.

260 925 380 1016 ¹optimi
398 919 517 1006 quique
537 915 777 984 &vetustisfimi
802 917 860 983 ibri
877 937 894 984 a
912 917 1006 984 nobis
1023 913 1159 985 faciunt.

313 1010 359 1078 Ue
377 1007 484 1094 prpuli
505 1003 638 1068 Romani
655 1017 741 1066 tuero
764 1005 919 1089 mercede]
943 1003 992 1069 lta
1010 1001 1160 1072 omnibus
1183 999 1292 1070 litteris

271 1095 420 1182 scriptum
438 1086 484 1154 est
498 1089 528 1154 in
543 1085 777 1171 illonumquetn
791 1083 864 1152 satis
877 1087 1005 1153 laudaro
1015 1086 1117 1156 libro.
1131 1083 1289 1156 estantent

268 1183 313 1248 ita
334 1178 480 1254 dietum,
518 1185 606 1238 tomo
622 1172 779 1249 mercede,
813 1187 848 1236 ut
874 1171 958 1256 apud
979 1171 1166 1250 Catullum,
1188 1191 1290 1258 magne

270 1287 337 1332 eum
357 1265 565 1350 pertinetque
587 1257 687 1330 neele.
717 1255 862 1338 exempla
877 1256 988 1322 crebra
1010 1253 1082 1322 sunt
1103 1253 1190 1340 apud
1215 1259 1290 1342 opti·

271 1370 343 1418 mos
358 1345 521 1426 utriusque
536 1341 658 1425 linguae
678 1339 832 1404 nullores.

313 1427 446 1514 Sumfille'
466 1426 613 1503 virilem,
643 1443 732 1510 quern
747 1421 854 1510 stetim
875 1422 1052 1490 muliebrem
1073 1436 1102 1488 to
1128 1445 1178 1490 em
1197 1425 1291 1492 redeli-

274 1516 368 1606 lille]
399 1510 493 1581 Aliud
515 1511 535 1578 fi
559 1507 634 1576 nihil
654 1509 685 1574 in
704 1507 763 1572 hnc
779 1509 925 1574 oratione
949 1443 1185 1589 emendaetgem,
1205 1529 1291 1595 quant

275 1609 359 1672 hunc
374 1601 497 1674 locum,
519 1611 645 1680 operam
663 1609 766 1660 tamen
795 1593 986 1677 praeclaret
1003 1611 1055 1659 ene
1068 1593 1204 1678 posnam
1218 1595 1294 1678 judi·

276 1685 401 1756 c'nrem.
428 1680 497 1764 quis
524 1677 568 1744 est
593 1678 675 1743 enim
699 1695 828 1758 eorum,
857 1680 911 1763 qui
928 1677 983 1744 hat
997 1678 1119 1743 litteras
1137 1681 1271 1746 trallunt
1280 1723 1293 1759 ,

281 1773 330 1840 cui
363 1783 496 1850 unquam
521 1763 644 1830 venerit
674 1763 706 1828 ln
729 1777 889 1841 mentem,
919 1781 992 1828 eum
1020 1761 1113 1828 aliter
1126 1761 1294 1850 legendum

279 1855 373 1932 csse,
404 1848 556 1934 quantita
582 1847 629 1911 utl
653 1846 750 1931 vulgo
770 1861 843 1912 ante
864 1865 924 1914 nos
944 1847 1130 1932 legebatur?
1151 1850 1256 1930 Serrefi
1282 1853 1296 1916 ι’

244 2011 248 2026 ,
278 1941 399 2010 uirilem
419 1949 546 2016 regam,
577 1949 666 2014 quom
680 1927 788 2015 Jletlm
803 1931 978 1997 muliebrem
987 1928 1089 2016 llrlere
1107 1849 1294 2020 reddidisse&

278 2042 358 2108 quae
376 2037 478 2086 tamen
497 2015 647 2100 scriptura
665 2033 758 2099 quam
785 2034 906 2100 prava,
933 2033 1085 2102 quamque
1100 2014 1215 2081 vitiose
1231 2019 1300 2100 fit,

277 2111 367 2198 spero
393 2101 575 2192 cognituros
601 2099 670 2164 esse
692 2117 830 2180 omnes,
861 2100 916 2252 gui
940 2115 1042 2168 toturn
1064 2117 1130 2166 rem
1149 2117 1305 2170 accurate

281 2187 556 2264 confidemverint.
598 2183 675 2252 Hoc
692 2185 777 2252 enim
800 2187 844 2250 ait
891 2185 998 2267 icero,
1024 2183 1227 2268 Antonium,
1249 2189 1302 2254 ubl

279 2280 414 2368 primum
433 2289 539 2356 togam
560 2285 686 2368 purant,
708 2267 762 2335 seu
781 2267 866 2354 quod
878 2267 962 2339 idem
979 2267 1049 2352 est,
1077 2267 1208 2340 virilem
1220 2271 1291 2338 surn-

210 2417 226 2458 ,
280 2367 342 2445 stt,
366 2355 476 2456 (quod
500 2355 567 2421 fiere
590 2351 736 2434 soletum,
765 2371 838 2420 curn
862 2356 949 2437 pueri
971 2355 1010 2420 ad
1034 2373 1156 2422 annum
1184 2353 1291 2424 XVII

304 2439 514 2520 cevenrssent,
536 2455 645 2504 omnes
662 2433 788 2522 sciunt)
808 2439 912 2520 primo
930 2441 1060 2524 quldern
1075 2437 1300 2524 prostitisse&

280 2469 440 2602 §bidinem
459 2525 618 2602 omniurn,
641 2521 772 2617 &quast
787 2521 1136 2608 diobolaremallquatn
1165 2527 1305 2591 meretri.

285 2617 405 2693 culam,
426 2626 538 2676 omnen
556 2605 696 2672 omnium
716 2609 911 2692 empuritates
929 2625 1065 2692 corpore
1086 2607 1146 2674 suo
1167 2611 1307 2695 excepis-

283 2703 337 2771 se:
355 2695 461 2784 postea
476 2710 578 2771 vero,·
597 2689 766 2772 repudiatis
782 2693 916 2772 ceteris,
946 2693 998 2759 uni
1018 2691 1157 2760 Curioni
1177 2698 1311 2782 morige-

285 2805 354 2855 rum
380 2796 476 2862 atque
497 2775 723 2860 obsequentem
745 2774 865 2855 fuisse,
888 2777 939 2842 uni
961 2777 1075 2844 l'eclsse
1096 2778 1235 2862 copiam
1253 2783 1317 2862 lui,

290 2888 361 2938 cum
382 2865 421 2930 ab
445 2881 486 2926 eo
510 2877 609 2944 prope
630 2859 660 2924 ln
683 2859 790 2926 uxoris
803 2859 877 2926 loeo
895 2860 1073 2928 haberetur.
1114 2862 1268 2934 Primum
1283 2867 1316 2932 il·

285 2955 340 3024 luel
358 2967 482 3030 tempus
499 2961 612 3023 notat,
641 2961 713 3010 cunr
733 2949 796 3023 alt,
820 2941 957 3031 Surnfiflr'
973 2949 1117 3020 virilem,
1144 2967 1245 3033 quum
1257 2949 1315 3036 fie-

107 3037 110 3044 “
203 3045 210 3058 ‘
286 3045 342 3107 tim
370 3033 544 3100 muliebrem
575 3042 675 3108 togam
708 3025 875 3113 reddideste‘.
928 3029 1021 3122 Quae
1050 3030 1132 3096 enirn
1169 3036 1317 3102 mulieres

289 3124 386 3204 volgo
402 3115 568 3200 putebant,
599 3111 807 3196 venalemque
830 3113 984 3180 hebebant
1008 3115 1226 3200 pudicitiam,
1248 3139 1318 3202 eat,

288 3203 475 3290 mnomimae
501 3193 633 3275 caussa,
661 3211 695 3260 ut
719 3197 758 3262 n'b
779 3196 845 3262 allis
867 3197 1181 3283 internoscerentur,
1216 3221 1322 3292 togam

290 3279 455 3362 ferebant,
478 3299 542 3348 non
554 3327 566 3362 ,
588 3299 624 3344 ut
645 3296 826 3362 matronae,
847 3281 967 3348 nolam.
1008 3284 1188 3352 Horatius:

370 3533 424 3624 Est
443 3537 476 3598 in
490 3543 649 3612 metrone,
671 3447 928 3618 urffgllletmpeerccee
946 3555 982 3600 ree
1003 3543 1142 3622 togula?
1165 3542 1282 3614 Idem:

436 3645 479 3672 ι·
501 3629 591 3702 utque
613 3619 705 3681 etiam
726 3617 846 3682 melleet.
853 3619 994 3706 persaepe
1017 3635 1160 3712 togam,

290 3814 322 3865 rt
340 3794 380 3862 de
400 3799 540 3856 matrona
557 3781 713 3868 loquens,
738 3781 844 3850 stolam
864 3785 1026 3857 nominate

1117 3959 1123 3986 '
1186 3967 1337 4054 -qru'l
