2742 4894
15 359 55 413 Η.
201 325 258 390 ru
297 307 657 380 Prorrarrurr
696 293 939 383 senorrr.
1020 335 1089 396 oro

16 463 159 568 Μυσίαι
173 465 251 532 milri
268 466 436 550 negocium
452 466 615 534 exhibuit:
635 485 739 550 neque
753 459 824 535 sarie
839 471 941 538 adhuc
959 472 989 542 in
1007 475 1074 558 elur

17 549 210 653 y2sentcrtia
225 551 360 616 eruenda
375 551 449 618 milri
464 549 530 636 ipse
554 549 746 618 satisfacere
763 554 863 638 potui.
903 555 1070 626 Ascanium
1103 553 1107 560 “

14 625 156 732 ''wlacum
187 635 221 700 in
249 635 396 722 Bithynia
422 633 510 712 esse,
540 633 621 702 haud
663 637 752 702 rocul
771 640 810 704 ab
834 656 875 705 eo
892 641 990 721 loco,
1014 643 1068 708 ubi

13 695 79 827 Zia
122 741 153 786 ru
169 716 242 784 esse
260 717 362 818 Hylas
380 717 556 817 dicitur,‘e
573 654 735 788 strassonis
751 721 833 788 libro
847 741 919 791 κη.
947 741 1060 796 notum

13 809 67 914 ,k
105 855 114 874 .
138 803 191 872 sed
208 809 345 890 quaeso,
365 807 441 890 quid
460 821 527 872 tum
548 803 685 889 postea?
717 823 773 871 cur
788 811 813 872 is
833 807 918 874 lacus
938 808 1067 896 Minya-

12 897 124 985 ,trum
140 889 209 956 dux
228 887 348 968 fuisse,
366 905 443 970 aut,
464 888 659 974 quodetiam
674 888 831 956 absurdius
850 891 911 970 est,
933 891 1061 960 foredi·

12 975 164 1084 ¹T'y'catur?
197 971 367 1040 Beroaldus
392 991 473 1058 pro,
503 974 566 1038 dua
586 977 668 1054 erit,
689 973 816 1040 videtur
830 973 957 1072 legisse,
977 980 1064 1053 diue·

11 1075 19 1087 ”
63 1067 111 1130 it:
138 1061 187 1128 ita
212 1075 318 1128 tamen
340 1073 375 1122 ut
391 1075 544 1142 utrunque
565 1058 747 1143 scripturam
772 1059 935 1143 agnoscat.
956 1059 1008 1128 scd
1027 1062 1063 1128 il·

18 1143 100 1214 fud
114 1193 124 1227 ,
152 1145 296 1217 dixerit,
324 1139 369 1206 ita
385 1139 451 1206 inte
489 1155 625 1221 retatur,
652 1140 816 1208 Ascanium
838 1144 963 1224 lacum,
991 1145 1062 1229 post

11 1213 246 1319 &emissionem
259 1225 364 1322 Hylae
374 1223 453 1292 dixis
469 1225 560 1291 ehoe
576 1223 719 1310 Minyis,
737 1225 896 1294 fortunam
906 1229 1065 1296 crudelem
1164 1257 1168 1264 ·
1258 1317 1261 1328 ι

10 1315 132 1400 l‘suepe
157 1309 354 1396 imprudenti
371 1311 485 1376 amanti
510 1327 681 1378 ocurrere.
708 1329 788 1394 quae
808 1313 964 1397 cxpofirio
989 1313 1064 1380 mihi

10 1385 169 1489 {quidem
193 1395 354 1480 insigniter
369 1392 482 1480 frigida
505 1394 639 1460 videtur.
680 1394 852 1480 Equidem,
883 1416 963 1482 quae
990 1399 1067 1465 milri

9 1486 168 1574 jgpridem
185 1477 371 1562 coniectura
379 1479 410 1546 in
423 1493 563 1546 mentem
574 1493 704 1546 venerat
714 1526 728 1560 ,
748 1499 816 1562 earn
835 1499 876 1546 ne
891 1501 976 1547 nunc
994 1484 1064 1566 qui.

9 1571 139 1660 fitdcm,
173 1585 237 1634 cur
261 1563 392 1645 rejicere
417 1563 572 1646 debeam,
600 1563 714 1630 video.
744 1565 916 1649 suspicabar
932 1581 1066 1646 autem,-

19 1658 131 1742 ῗρτο,
166 1649 344 1735 Asconius,
373 1645 564 1733 legendum,
584 1645 757 1732 Aesonius.
782 1650 938 1715 crudelem
957 1666 1064 1718 autem
1087 1669 1090 1686 ·

8 1729 149 1804 ‘ivocarl
163 1733 313 1818 iasonem
357 1749 417 1817 pro
435 1729 573 1816 eoquod
585 1729 778 1811 Herculem,
799 1734 962 1802 amissione
974 1734 1063 1817 pueri

8 1808 288 1912 fferanimatum,
317 1777 348 1882 tic
375 1815 442 1900 ejus
459 1814 632 1904 reperiendi
655 1815 808 1884 defiderio
827 1815 888 1884 lruc
911 1818 987 1884 illuc
1010 1839 1065 1884 va·

11 1925 186 1996 figantem,
214 1899 294 1970 nihil
313 1897 501 1980 miseratur,
528 1901 716 1982 reliquerit,
744 1903 775 1968 dt
832 1918 958 1988 ceptum
981 1903 1064 1985 iter,

6 1988 166 2058 ¹’deserto
181 2006 244 2064 co,
266 1983 303 2054 fit
318 1984 519 2068 persecutus.
538 1983 591 2050 sed
605 2001 708 2050 tamen
728 2003 769 2050 ne
787 1921 829 2054 lig
844 1987 970 2071 quidem
987 1985 1061 2055 satie

6 2067 193 2142 deomeret
210 2069 382 2136 sententia.
404 2067 538 2150 denique
554 2066 655 2132 habeo
674 2066 786 2132 librum
802 2069 841 2133 ab
856 2072 1062 2138 cruditissrmo

6 2153 27 2204 ³³
37 2159 193 2232 homine,
207 2149 374 2216 Francisco
383 2151 501 2226 Porto,
519 2167 591 2216 cum
604 2148 709 2214 multis
725 2151 1065 2238 veteribuedlligentis·

5 2227 118 2316 ssime
135 2235 312 2306 collatum:
334 2233 364 2300 in
378 2251 443 2316 quo
457 2247 603 2320 notatum
622 2231 666 2297 cst
681 2232 777 2314 ipfius
795 2253 908 2316 manu,
930 2239 1063 2306 essean-

10 2317 290 2412 ¹stiquaquaedam
304 2316 509 2401 exemplaria,
527 2318 556 2382 in
572 2317 685 2399 qulbus
701 2316 765 2382 hoc
782 2316 856 2384 loco
872 2320 984 2388 lacuna
992 2321 1059 2398 est,

6 2407 110 2478 neum
135 2409 186 2474 hy,
204 2401 339 2483 fitteris,
361 2401 486 2550 Fraym.
515 2402 602 2484 quod
624 2401 644 2468 sr
668 2399 732 2476 est,
756 2405 890 2480 tuydam
906 2407 996 2488 plane
1015 2406 1061 2471 ul·
1098 2451 1107 2466 -

4 2495 89 2566 icus
107 2487 299 2558 hocfuerit.
341 2483 421 2552 Thio
442 2483 855 2581 amunreuicallimrchum
882 2488 1060 2571 &Apollo
1102 2501 1108 2514 ·

10 2575 122 2648 'summ
150 2571 310 2658 sequitur,
338 2569 392 2655 qui
409 2567 526 2657 Hylam
547 2568 896 2639 Thiodamantisfilium
914 2570 1057 2644 faciunt.

4 2698 5 2712 κ
37 2665 87 2730 alii
114 2662 203 2728 enim
222 2655 332 2722 aliter.
361 2651 406 2722 est
428 2670 533 2720 autem
549 2671 663 2738 operae
682 2655 817 2736 pretium
834 2656 1054 2742 cognoscere,

4 2751 12 2790 ²
36 2767 114 2833 puer
130 2746 204 2826 hic,
224 2740 279 2826 qui
301 2754 465 2822 tantopere
479 2737 567 2806 heroi
586 2736 758 2804 fortiesrmo
781 2757 869 2806 carus
889 2743 918 2808 dt
937 2761 1058 2822 accep·

4 2833 12 2876 :
35 2850 86 2898 tus
106 2831 171 2896 suit
191 2875 202 2910 ,
232 2842 297 2909 quo
314 2823 412 2890 modo
424 2842 427 2852 ·
439 2823 470 2890 in
489 2823 582 2906 ipsius
599 2841 707 2888 manus
721 2825 898 2974 plerverrisse
916 2825 1053 2896 dicatur.

38 2915 125 2980 eade
152 2931 188 2980 re
207 2913 251 2976 ira
270 2906 439 2974 memoriae
451 2907 610 2992 proditum
622 2907 679 2972 est.
756 2910 875 2974 ercules
894 2929 966 2978 curn
989 2909 1060 2981 De,
1127 2979 1129 2984 ,

36 2996 180 3076 ianiram,
200 2991 303 3062 Oenei
321 2991 436 3064 filiam,
461 2989 763 3070 duxisseruxorem,
785 2991 950 3080 Calydone
963 2991 1057 3076 dege.

31 3083 101 3150 bat.
123 3079 264 3168 quodam
285 3075 491 3155 dieaccidit,
522 3091 557 3140 ut
585 3074 727 3158 Cyathur
751 3095 855 3159 puer,
890 3078 1057 3144 Arclritclis

35 3168 139 3248 lilius,
170 3164 227 3249 qui
248 3163 361 3228 Oeneo
382 3158 499 3244 pocula
526 3157 733 3236 ministrabat,
765 3159 914 3239 Herculi,
947 3181 1054 3228 manus

37 3251 204 3324 ablaturo,
230 3263 340 3330 aquam
355 3262 424 3310 eam
435 3261 551 3329 „quae
562 3242 721 3310 abluendis
734 3245 863 3325 pedibus
876 3261 1057 3332 comparata

37 3351 103 3400 erat
117 3383 126 3412 ‚
142 3331 276 3400 insciens
285 3327 484 3398 infunderet.
504 3327 680 3413 indignatus
699 3325 852 3396 Hercules
866 3347 1053 3415 pugnorum

32 3415 224 3485 interfecit.
254 3433 345 3498 quam
368 3413 413 3480 ob
436 3412 564 3480 caedem
616 3409 765 3492 rosugue,
797 3431 868 3480 cum
897 3435 1049 3484 unacum

37 3521 139 3570 uxore
170 3499 203 3565 so
227 3498 257 3568 in
283 3498 364 3566 viam
386 3494 539 3576 dedisset,
567 3431 614 3562 ati)
632 3495 773 3592 Euenum
796 3497 926 3566 fluvium
945 3498 1049 3566 Nesso

34 3603 187 3668 centauro
206 3599 341 3648 mortem
355 3581 480 3649 attulit:
502 3597 537 3644 ut
560 3577 814 3646 &Archrlochus
826 3600 946 3649 narrat.
965 3585 1049 3650 dein·

34 3672 74 3738 dc
95 3666 321 3754 progrediens,
349 3668 379 3733 in
409 3665 440 3731 D
479 3663 582 3749 opiam
607 3663 712 3729 venit.
734 3665 779 3732 ell
795 3683 898 3733 autem
919 3686 954 3734 ea
974 3687 1051 3752 gent

33 3754 150 3836 rapinis
169 3770 207 3819 ac
226 3751 396 3817 latrociniis
411 3751 450 3816 de
473 3750 535 3828 ita,
556 3747 750 3816 contermina
765 3749 966 3818 Mileerrsrbus
985 3799 995 3828 ,
1019 3767 1054 3818 ut

32 3838 77 3905 est
93 3835 176 3921 apud
197 3834 410 3923 Pherecydem
433 3835 464 3900 in
489 3834 601 3900 tertio.
621 3833 664 3898 ibi
690 3850 762 3899 cum
783 3835 887 3922 Hylus
912 3837 1054 3918 liliolus,

37 3939 134 4010 quem
155 3917 261 3988 secum
277 3915 401 3988 ferebat
407 3961 421 3998 ,
444 3915 573 3986 esuriret
582 3915 715 4073 ‚daim
731 3933 836 3990 autem
859 3921 1055 4008 paedagogus

75 4059 80 4066 .
504 4071 505 4076 ,
635 4021 747 4088 ωω4
893 4059 901 4070 .
989 4023 1063 4091 mo
