2782 4916
273 406 339 482 ⁶⁹4
412 381 650 460 ΜΛ.
729 344 1084 459 Mursa!

256 537 260 547 ¹
282 551 421 640 nequitia
445 547 578 628 uivere,
608 545 631 615 n
653 559 754 614 totam
770 565 836 614 rem
853 545 1118 628 helluationibus,
1140 543 1315 616 scortatio·

287 641 397 717 nibus,
417 632 634 717 largitionibus
651 629 837 700 consumere
864 633 977 716 libeat,
1003 633 1111 701 nihilo.
1122 634 1155 700 id
1177 633 1234 702 sua
1249 653 1315 702 ma-

310 725 349 803 s,
374 721 534 803 aliquanto
554 719 647 782 etiam
664 720 787 796 minus,
811 737 876 802 quo
894 717 948 786 irbi
965 720 1066 786 minus
1079 719 1193 786 aetatis
1209 719 1323 806 super·

286 745 350 885 ει,
376 823 470 888 quarn
492 804 645 884 aliorum,
676 801 841 868 interesse:
871 803 915 870 irn
928 805 1042 891 corrigi
1067 805 1099 872 sc
1117 804 1267 886 inloto,
1287 805 1318 872 dt

293 890 420 958 modice
442 887 606 968 coerceri,
632 899 728 971 atque
753 889 912 954 admoneri
932 889 1052 970 velint,
1082 907 1154 956 eum
1179 885 1250 956 esse
1270 885 1320 968 se,

292 975 345 1060 qui
360 975 390 1039 id
407 971 559 1058 praestare
576 969 692 1058 posfit.
714 973 942 1056 permittuntur
962 977 991 1042 ei
1005 975 1133 1043 omnia.
1154 975 1201 1040 ita
1213 972 1319 1042 fabula

296 1057 511 1128 concluditur.
547 1121 551 1132 .

378 1285 382 1292 .
520 1220 1090 1324 senuaar.

306 1403 308 1413 “
340 1393 480 1496 adelphi
500 1389 659 1544 Terentii}
684 1391 875 1492 inomnibus
889 1393 1022 1478 antiquis
1037 1392 1125 1460 libris
1138 1389 1319 1493 non-Adel·

323 1479 377 1562 ht,
399 1475 627 1576 sedlddelplroe
662 1494 781 1564 egitur.
807 1477 901 1563 idque
927 1497 1007 1564 ego,
1033 1497 1073 1547 ne
1094 1475 1319 1565 qutddrslimu·

311 1578 714 1744 cabiaruffflzssqrgtffsibribu?
736 1643 776 1745 L.
798 1621 928 1744 (similit
944 1609 1085 1745 Paullaj
1111 1646 1161 1714 Ita
1176 1645 1223 1712 cst
1241 1643 1318 1712 sum·

285 1749 357 1800 mo
377 1726 527 1796 consensu
543 1749 574 1796 m
590 1729 839 1815 antiqurslrbns:
861 1747 896 1796 ut
917 1731 1009 1796 valde
1029 1751 1140 1814 mirer,
1163 1751 1227 1816 qua
1248 1727 1317 1796 ilul·

301 1818 374 1885 titia
400 1816 525 1898 quidam
545 1813 596 1880 alii
615 1833 655 1880 ex
675 1813 857 1894 funebribus
877 1815 1031 1898 fecerint,
1052 1817 1271 1900 srurrralibus,
1290 1813 1317 1878 dt

166 1943 170 1950 ·
301 1901 347 1970 1..
368 1897 474 1964 Paulli
490 1917 606 1966 nomen
627 1895 814 2000 ltqstuletint.

344 1983 506 2074 Q-Fabio
536 1983 700 2062 Mamm,
740 1983 779 2051 P.
811 1985 950 2051 Cornelio
975 1981 1151 2134 Africano&
1192 1983 1319 2049 Horum

261 2078 265 2089 '
306 2079 441 2152 uterque
461 2065 498 2136 L.
518 2067 635 2134 nimilii
650 2067 731 2134 iilius
752 2067 832 2136 fuit:
855 2067 907 2135 sed
923 2069 975 2136 ille
992 2089 1007 2134 a
1024 2067 1064 2163 Q.
1087 2067 1128 2134 Fa
1151 2066 1183 2132 io
1205 2065 1318 2134 Maxi·
1349 2097 1353 2106 ·

307 2173 382 2234 mo,
402 2151 455 2220 hie
474 2153 515 2221 ab
536 2152 677 2220 Africani
696 2151 861 2240 superioris
875 2153 943 2220 srlio
963 2155 1023 2220 ado
1047 2167 1137 2219 ratus.

219 2295 220 2300 ,
348 2241 511 2304 Aedilibus
530 2237 723 2325 curulibus]
749 2237 822 2306 Hoc
844 2239 1006 2324 perspicue
1055 2235 1130 2304 lium
1150 2232 1215 2304 ea:
1236 2233 1320 2322 quod

226 2331 229 2338 '
308 2339 384 2392 ente
397 2341 448 2390 me
465 2342 502 2390 an
519 2323 588 2408 quis
613 2341 681 2390 uam
700 2322 971 2405 animadverterit,
999 2321 1125 2406 nescim
1143 2339 1242 2390 nemo
1259 2319 1318 2406 qui·

310 2409 383 2475 dem
407 2422 495 2474 certe
516 2343 658 2475 tradidit.
687 2405 797 2475 falsum
818 2425 922 2476 autem
942 2407 1026 2488 esse,
1047 2407 1090 2473 ita
1117 2408 1246 2474 doceo.
1264 2403 1317 2500 pr}

310 2511 419 2573 mum,
446 2491 534 2576 quod
557 2509 708 2578 nusquam
734 2493 929 2577 reperietur,
954 2493 1045 2560 ludos
1065 2492 1219 2560 funebres
1232 2506 1316 2578 perd·

308 2573 412 2652 nuisse
438 2577 477 2642 ad
497 2577 641 2644 aedilium
666 2595 789 2644 euram:
815 2595 1028 2662 praeterquam
1048 2580 1131 2662 apud
1150 2573 1317 2666 grammati·

311 2661 509 2742 camillum,
529 2661 668 2746 quisquis
683 2657 748 2738 eil,
769 2663 857 2744 cujus
868 2679 941 2730 ante
956 2661 989 2728 T
990 2663 1166 2744 arentium,
1186 2661 1243 2730 sub
1255 2659 1315 2726 Do·

312 2747 378 2814 nati
397 2743 548 2821 nomine,
570 2741 754 2828 quisquiliae
778 2745 928 2828 quaedam
950 2745 1031 2812 haud
1050 2749 1155 2833 magni
1172 2746 1263 2832 pretii
1278 2743 1316 2810 le·

316 2846 450 2915 guntur.
474 2829 500 2892 is
517 2843 619 2892 autem
637 2828 743 2892 eadem
763 2831 912 2898 videlicet
928 2831 1125 2914 eruditione,
1149 2831 1318 2912 eoumque

313 2913 432 3000 judicio
455 2911 530 2976 illud
552 2911 672 2975 tradere
693 2913 818 2994 potuit,
840 2935 921 3000 qun,
943 2931 1078 3002 quatuor
1093 2916 1162 2982 esse
1182 2917 1317 2983 ludorum

313 2997 452 3080 species,
482 2999 511 3058 d
541 2995 737 3080 Megalenses
763 2995 861 3066 fuisse
885 3001 1001 3086 magnis
1026 3001 1086 3066 diis
1106 3005 1319 3072 consecratum

213 3131 219 3144 .
316 3087 348 3152 dt
371 3079 565 3164 Apollinares
580 3077 764 3164 pertinuisse
787 3085 824 3150 ad
843 3103 946 3150 curam
961 3085 1124 3154 aedilium:
1145 3097 1319 3170 quaequam

316 3183 392 3229 vera
415 3163 489 3242 fint,
523 3161 578 3227 suo
604 3163 678 3230 ioco
699 3165 849 3233 diximus.
881 3169 993 3236 deinde
1022 3169 1041 3238 st
1068 3169 1190 3238 hiduo
1211 3167 1317 3236 fratres

317 3247 406 3318 fitnul
423 3246 613 3314 aedilitatem
637 3248 881 3334 illammajnrrm
905 3253 1067 3340 gessissent
1074 3303 1086 3338 ,
1107 3257 1212 3341 aliqua
1224 3245 1320 3342 prosc·

320 3335 374 3398 elo
399 3349 462 3397 tam
488 3331 650 3398 inulitatae
676 3336 720 3399 rei
740 3335 779 3402 ab
805 3335 959 3406 historicis
985 3335 1067 3405 fasta
1090 3340 1214 3407 mentio
1229 3333 1319 3409 esset,

318 3417 487 3497 praecipue
500 3435 516 3482 a
530 3416 712 3500 Paterculo,
735 3420 788 3505 qui
807 3422 908 3504 liujusl
916 3425 1037 3510 generis
1050 3425 1174 3510 aliquot
1188 3417 1320 3504 exempl

318 3499 498 3579 subtiliter,
528 3501 557 3566 dt
585 3520 732 3568 accurate
755 3509 929 3579 annotavit.
969 3507 1029 3574 Sed
1047 3509 1124 3592 quid
1140 3501 1321 3596 argumntis

319 3603 400 3674 opus
423 3583 496 3680 est?
516 3585 641 3654 unicum
663 3587 735 3655 satis
760 3587 804 3656 til
826 3592 1119 3678 adpraeeidendum
1139 3589 1324 3681 omnemdu·
1369 3629 1370 3642 2

321 3669 660 3766 bitarrdruccasronem.
701 3673 1122 3758 aeornenusmmnranus,
1145 3673 1322 3764 quodem

320 3753 486 3820 manrfello
506 3773 521 3817 a
546 3773 627 3834 rtur,
654 3775 811 3842 nunquam
831 3761 937 3828 aedilis
959 3761 1038 3828 fuit:
1065 3763 1165 3830 immo
1184 3781 1264 3831 veru
1279 3769 1324 3822 ill·
1369 3773 1370 3777 ’

319 3857 395 3906 num
417 3855 510 3920 agens
571 3837 707 3921 xxvt,
738 3861 810 3910 eum
834 3845 1023 3915 aedilitatem
1049 3863 1175 3932 peteret
1229 3835 1324 3914 catull

322 3938 444 3988 ‘'li-'ilus
467 3921 527 3986 ⁰st·
554 3923 663 3988 ³05³&
686 3927 729 4004 ¹⁸⁸2
758 3949 853 4012 quem
869 3931 964 3998 modo
982 3931 1164 4015 nominavi,
1182 3895 1328 4022 'Paterni

321 4009 387 4072 3³⁵·
416 4021 597 4112 “multiflua
627 4007 694 4074 esse
716 4011 843 4094 locum,
872 4016 993 4084 ostendi
1008 4037 1017 4096 ;
1046 4017 1186 4103 ideoque
1207 4007 1309 4084 asteris

321 4105 432 4164 mata
459 4107 608 4180 appomn
640 4112 725 4168 auae
749 4115 814 4187 qua
835 4101 934 4172 motio
958 4101 987 4171 ei
1015 4101 1170 4174 medelas
1192 4093 1331 4254 faurqi*

1300 4195 1329 4260 ta
