2802 4920
277 349 327 402 ru
370 329 634 410 Cernitur.
671 327 716 410 ll.
756 330 997 440 qouurur.
1083 345 1148 433 581

122 545 135 564 ,
152 493 228 564 Non
252 494 286 553 itt
305 489 402 568 soro,
426 505 485 552 uon
501 492 535 556 in
553 486 665 572 curio]
688 485 791 568 Cum,
814 489 871 556 illo
891 493 1072 577 praesente,
1094 517 1150 566 ne.

107 579 174 665 q'ue
198 575 317 661 judicia
351 588 422 638 tuto
455 573 621 652 exerceri,
656 589 760 654 neque
787 571 910 642 senatus
937 595 1009 644 tuto
1034 581 1141 662 haberi

152 663 228 730 sset.

106 684 227 816 ΡοΝυη
248 745 378 826 dentque
395 745 480 808 initu
493 737 836 892 demesticorKorietes]
862 745 906 810 Ut
920 763 1040 832 nuper,
1061 769 1137 820 cunr
1163 728 1169 756 ⁸

104 820 159 897 ille
177 831 258 897 duos
277 823 427 905 milislet,
451 829 505 911 qui
521 843 572 890 me
585 827 618 891 in
637 825 666 890 lc
699 845 721 890 o
743 846 815 892 ineo
830 829 1055 900 interficerent.

143 915 228 980 Loco
248 915 303 978 ille
329 925 425 976 turtur
451 909 513 997 eli]
546 908 665 991 idest,
697 911 737 990 de
761 909 840 976 statu
864 915 1017 996 dejectus.
1038 912 1134 1004 quern

102 1000 186 1070 eninr
213 998 323 1078 locum
352 994 408 1064 sibi
436 997 571 1080 quisque
595 995 632 1060 ud
658 995 868 1063 dimicandum
894 1002 997 1080 cepit,
1024 1003 1050 1068 is
1070 1005 1134 1072 &a
1160 1026 1161 1030 ¹

101 1081 238 1150 Graecis
261 1083 354 1158 edne,
377 1081 407 1146 ce
427 1097 444 1144 u
467 1077 594 1146 [utinis'
634 1095 703 1151 utus
726 1081 859 1148 dicitur.
882 1087 964 1148 unde
983 1085 1133 1156 Ciceroni
1161 1091 1164 1098 “

100 1169 133 1239 in
152 1163 378 1237 controuerfiis
396 1162 573 1231 forensibus
614 1177 682 1230 utus
701 1181 853 1244 vocetur,
873 1167 902 1234 in
918 1187 982 1250 quo
996 1174 1131 1252 primurn

101 1249 211 1320 insiliit
224 1244 308 1335 quan
327 1248 364 1314 ad
377 1249 611 1332 repugnandum
631 1249 794 1334 congressa
809 1247 962 1317 defenlio.
1005 1255 1131 1346 Quanta

99 1353 205 1426 nutem
221 1353 297 1418 gum
316 1333 347 1399 in
376 1333 524 1407 omnibus
542 1333 654 1414 rebus,
675 1349 744 1398 turn
767 1337 935 1419 praecipue
955 1337 984 1402 in
1002 1359 1036 1402 re
1051 1343 1133 1407 rnili-

100 1421 161 1488 tari
180 1421 229 1488 vie
245 1419 284 1485 stt
297 1417 437 1498 ordinis,
459 1437 554 1486 nenio
572 1415 693 1484 nescit.
715 1415 766 1482 sac
790 1437 808 1481 e
825 1419 907 1497 eninr
919 1439 1051 1504 parvae,
1073 1425 1126 1494 sed

97 1505 262 1574 ordinatae
283 1503 396 1586 copiae
412 1521 556 1602 magnae,
578 1500 631 1568 scd
651 1499 751 1568 conio
767 1521 817 1582 as,
839 1495 1128 1595 incompofitasquo

94 1592 262 1670 vicerunt.
291 1603 324 1652 at
351 1587 434 1664 ordo
460 1603 491 1654 tn
519 1587 661 1672 exercitu
690 1583 802 1652 servari
830 1607 894 1654 non
919 1591 1043 1672 potest,
1071 1595 1129 1662 nist

98 1676 234 1760 quisque
257 1671 366 1744 locum
386 1669 475 1742 suurn
492 1686 621 1751 teneat,
650 1687 754 1752 neque
775 1689 814 1736 eo
834 1669 1003 1740 semoveri
1024 1680 1123 1761 paria.

97 1777 167 1830 tur.
188 1755 307 1826 iccirco
327 1755 406 1826 olim
426 1755 538 1842 capitu
559 1773 660 1840 poena
680 1753 849 1822 constituta
870 1773 936 1822 erat
951 1758 981 1824 in
1001 1779 1124 1828 ruma.

94 1850 171 1934 gine.
194 1860 265 1910 narn
288 1842 342 1925 qui
365 1841 451 1926 prior
477 1839 553 1907 loco
574 1855 739 1920 movetur,
759 1859 901 1928 magnam
920 1841 1004 1927 spem
1020 1846 1123 1910 viiio·

88 1929 158 1994 riae
176 1923 352 1993 adversario
371 1927 520 2010 praebet.
541 1923 808 2010 quemadmodum
829 1927 949 2010 igitut,·
967 1929 1020 1994 ubl
1045 1929 1121 1997 loco

93 2002 203 2080 inotus
230 2009 275 2076 eii
301 2007 419 2089 hostie,
451 2023 537 2076 certa
555 2027 613 2093 pro
637 2009 807 2091 emodum,
841 2011 1053 2096 &explorate
1074 2017 1120 2082 vi-

90 2097 192 2164 cloria
216 2094 277 2162 est:
301 2095 345 2160 ita
366 2093 410 2160 ait
432 2093 565 2168 Cicero,
621 2091 727 2159 arilina
747 2113 787 2174 ex
811 2093 888 2158 urbe
905 2095 1055 2180 depulso,
1076 2103 1121 2166 cl·

87 2181 185 2266 uibus
198 2179 259 2262 iarn
274 2197 337 2246 non
357 2177 490 2264 anplius
507 2178 547 2245 de
564 2175 694 2242 vilior-iu
709 2167 775 2242 esse
791 2177 1017 2248 dubitandum.
1037 2184 1116 2264 libet

84 2281 196 2330 autem
217 2264 347 2328 recitate
371 2262 452 2328 duos
478 2277 622 2326 veterum
649 2261 834 2344 scriptorum
861 2263 974 2343 locos,
1002 2269 1116 2362 quilius

83 2347 304 2431 intelligatur,
324 2365 438 2430 magno
459 2345 663 2427 &intrepido
686 2344 802 2410 milites
816 2345 922 2412 animo
938 2365 1015 2413 mori
1036 2353 1121 2415 mul..

78 2435 135 2512 le,
159 2451 254 2517 quarn
278 2445 311 2494 ut
333 2429 365 2496 se
382 2433 460 2506 loco
477 2429 601 2512 moveri
617 2429 736 2507 sinant.
760 2447 869 2494 eorum
888 2450 966 2512 unus
987 2431 1030 2498 eli
1047 2436 1113 2501 Sal·

79 2515 187 2596 lollii,
211 2515 267 2582 sub
285 2515 380 2582 finem
392 2516 461 2582 libri
470 2515 510 2580 de
523 2513 743 2595 coniuratione
754 2513 953 2596 Catilinaria,
976 2516 1023 2582 liis
1041 2539 1110 2584 uer·

84 2603 152 2669 bis:
176 2601 237 2667 Sed
257 2599 389 2678 consutio
405 2601 543 2685 proelio,
567 2611 720 2664 tumuere
741 2617 895 2679 cerneres,
918 2616 1032 2684 qticnuz
1050 2625 1108 2668 ou·

81 2690 195 2768 dotia,
219 2697 393 2772 quantaque
415 2689 462 2750 uis
479 2687 575 2750 animi
587 2681 701 2767 suisset
719 2685 753 2750 in
775 2687 913 2748 exercitu
932 2686 1104 2760 Catilinae.

79 2793 153 2850 num
180 2769 252 2852 sete
303 2787 368 2834 uem
399 2773 525 2854 quisque
549 2771 637 2834 uiuus
659 2767 819 2853 pugnandi
845 2768 942 2846 lorum
966 2783 1107 2852 ceperat,

83 2787 307 3006 eum‚hamisssi
325 2857 449 2942 anima,
471 2867 593 2941 torpore
612 2858 742 2941 tegetur,
783 2849 874 2936 Alter
890 2851 935 2938 est
952 2855 1051 2926 Plauti
1067 2875 1108 2942 er

82 2947 169 3028 llmp
193 2942 339 3019 itruone;

116 3175 122 3184 ,
165 3106 280 3194 Hostes
302 3111 403 3174 erelri
424 3107 557 3172 colunt:
579 3101 674 3186 erllri
691 3117 797 3174 contro
812 3108 974 3194 ingruunt

169 3193 307 3262 Vicimu’
327 3197 360 3259 ui
374 3191 507 3274 seroces.

85 3341 88 3356 ‚
166 3279 285 3354 Sedit
299 3277 413 3361 jugum
424 3277 461 3363 se
482 3292 565 3340 nemo
589 3285 686 3338 tomen
710 3279 920 3358 convortitur.-
990 3279 998 3304 ¹

84 3362 91 3380 ’
165 3361 277 3446 Neque
300 3363 416 3427 recedit
436 3363 497 3426 loro
509 3403 522 3438 ,
546 3363 620 3442 qrrirr
633 3350 741 3443 flotin
762 3380 824 3423 rem
844 3371 946 3436 gerat.

78 3519 82 3526 ,
162 3447 478 3526 Aeimunentuunr
496 3447 609 3528 prius,
631 3463 720 3528 qrrum
740 3443 909 3526 denigrent
932 3446 1006 3510 loto.
1080 3443 1106 3482 ·'

160 3532 279 3621 Juret,
300 3531 354 3608 ubi
367 3524 518 3618 steterat,
541 3533 686 3614 quisque,
709 3543 800 3616 utque
826 3529 959 3598 ordinem
978 3533 1104 3634 cirinen

67 3699 175 3796 atque
200 3698 365 3766 hlvcrlus
387 3701 548 3783 aliquanto
567 3697 658 3762 aliter
680 3693 827 3780 leguntur
847 3697 879 3762 in
898 3697 1047 3770 Plautinis
1065 3701 1104 3765 li.

67 3771 163 3850 bris:
185 3781 237 3850 sed
262 3783 361 3850 male.
386 3781 566 3867 expressum
594 3796 699 3848 autern
725 3775 792 3844 esic
810 3781 1103 3860 ePlautoSullustri

67 3869 314 3958 locum‚·lraud
329 3869 440 3954 iniuria
454 3865 590 3954 fortusse
610 3863 722 3951 uliquis
737 3863 921 3954 suspicetur.

674 4033 736 4102 oo
755 4053 777 4124 3
1034 4025 1105 4108 uel-

59 4073 221 4156 <1st
