2776 4920
279 351 347 431 40⁶
489 325 549 406 iu.
631 329 673 402 n.
753 318 1134 406 Murerr‘

284 517 350 588 que
369 496 454 566 suern
472 491 677 562 contaminari
700 507 738 558 ae
752 491 853 576 pollui
871 493 1056 574 crederent,
1075 490 1098 560 sr
1120 495 1209 580 quod
1224 485 1304 564 aliud

280 585 451 672 praemium
478 580 677 662 acciperent,
697 576 752 642 nist
765 587 830 643 tam
856 577 958 644 leve.-
981 593 1017 644 ut
1039 594 1226 661 appareret,
1242 600 1302 660 ⁴eur

282 687 345 736 non
363 666 394 732 id
413 661 588 750 quaesiisse.
626 662 680 730 Sic
690 662 825 746 antiquis
842 660 1036 747 temporibus
1051 662 1192 731 viliores
1207 664 1304 732 sacru·
1357 699 1362 711 ·

241 752 242 760 ’
283 769 352 820 tutu
373 749 596 828 certaminum,
618 763 681 812 nou
697 764 778 812 auro
793 765 833 814 ac
848 746 979 832 gemmis
994 746 1170 826 nitentem,
1193 745 1246 817 sed
1265 751 1304 834 pl·

284 853 376 904 neam
390 845 445 900 aut
460 828 633 917 oleaginum
648 841 798 896 cutonem
813 815 976 897 serebant:
999 840 1084 912 quae*
1096 833 1225 900 uirtutis
1240 853 1301 901 uon

264 959 268 972 ·
279 918 477 1007 praemium,
506 913 562 982 sed
588 913 736 982 iudicium
758 911 851 981 esset.
898 911 1015 982 Nostra
1038 931 1123 980 aetas
1146 917 1298 984 virtutem

161 1059 166 1066 .
280 1003 378 1090 gratie
392 1001 499 1068 colere
514 993 618 1066 dellit:
631 996 782 1082 versaque
796 993 886 1073 vice,
907 999 1017 1082 exigua
1029 995 1124 1065 hodie
1137 999 1302 1068 lenonibus

280 1085 416 1174 praemia
435 1085 601 1164 videntur,
618 1101 698 1169 quae
715 1083 791 1150 olim
804 1083 1001 1164 exercituum
1011 1081 1200 1152 ductoribus
1211 1087 1300 1154 nimia

282 1183 392 1258 magne
409 1164 472 1236 risa
488 1168 602 1236 essent.

321 1441 327 1458 Ι
602 1343 632 1417 C
651 1366 674 1419 a
696 1369 714 1418 r
736 1369 759 1417 u
778 1367 802 1419 t
859 1337 982 1418 xlx.

253 1495 258 1504 ’
324 1497 426 1570 Adire
441 1469 560 1568 muttum
574 1499 682 1566 elicui.
703 1495 836 1566 Plautus
854 1497 928 1562 lucis
943 1493 1063 1586 aliquot
1077 1467 1259 1583 cantitatur.

158 1712 160 1720 ι
284 1583 406 1742 Ut
421 1661 480 1735 alla
492 1661 645 1753 permulta
659 1663 827 1751 proverbia
838 1665 920 1733 male
931 1664 1156 1750 interpretatus
1172 1682 1239 1734 erat
1255 1666 1297 1748 is,

284 1753 341 1836 qm
356 1763 407 1819 tot
425 1768 533 1818 eurum
559 1749 653 1817 millia
669 1739 893 1836 congesserat,
913 1749 956 1816 ita
977 1749 1211 1835 unaquoque,
1233 1755 1295 1837 que

280 1837 381 1936 saepe·
391 1834 491 1902 utitur
501 1834 658 1934 ‚Plautum
679 1849 752 1902 curn
772 1835 889 1900 editum
910 1853 1030 1932 muttum
1047 1835 1126 1900 dicit
1148 1837 1199 1912 ei,
1222 1837 1298 1986 qfuriu'

283 1913 1299 2088 illillllulililifoei”iltlllilitill‘lm

282 2089 451 2188 diligenter
468 2079 525 2186 sula
540 2107 605 2154 uno
617 2079 762 2172 adspectu
773 2019 878 2185 ροὲυίι
899 2103 974 2168 eos,
995 2103 1030 2152 ut
1041 2041 1300 2237 offinurffonrnee

281 2173 584 2259 locoa,1uqurbus
606 2189 646 2238 eo
670 2171 841 2256 proverbio
864 2170 936 2239 ullu
957 2187 1024 2237 erat
1077 2165 1197 2236 lautuat
1216 2189 1304 2258 quae

151 2303 155 2316 r
263 2259 338 2326 ·vel
354 2273 415 2325 una
429 2271 479 2324 ree
493 2256 600 2343 putuit
620 2269 693 2323 eum
706 2258 743 2323 ad
762 2270 867 2324 veram
889 2249 971 2322 illiue
986 2253 1224 2340 intelligentiam
1239 2272 1301 2330 ma·

283 2359 328 2412 uu
346 2343 472 2410 ducere.
512 2339 575 2409 Sed
589 2341 655 2408 huc
673 2340 843 2410 condonari
857 2335 995 2438 'fortasse
1012 2332 1110 2414 facile
1123 2327 1230 2437 putei}
1244 2333 1298 2407 hu

225 2465 226 2468 π
282 2425 360 2496 mini
378 2435 485 2524 cetera
501 2423 706 2532 polyhistori,
728 2427 759 2494 ἃ
783 2439 880 2510 magu
894 2423 1048 2521 ruterdum
1068 2423 1244 2522 laborantr,
1266 2435 1300 2490 ut

283 2512 384 2580 multa
401 2509 572 2586 scriberet,
594 2529 686 2594 quam
701 2524 736 2576 ut
753 2523 901 2578 accurate
915 2505 1075 2580 scaberet.
1099 2506 1129 2574 le
1147 2522 1243 2594 rgrtur
1261 2519 1300 2574 eu

151 2649 155 2669 ,
279 2599 364 2666 lutet
382 2607 488 2662 cetere
507 2592 608 2680 lapsus
626 2587 690 2675 est,
711 2595 797 2679 quod
812 2593 936 2680 putavit
953 2583 1119 2678 legendum
1140 2590 1229 2674 ease,
1251 2586 1304 2660 al-

282 2683 354 2748 dere
373 2698 510 2757 murrum,
533 2691 599 2746 non
615 2673 701 2743 adire
724 2699 853 2746 murrum.
896 2672 977 2743 Cum
1001 2677 1054 2740 vel
1076 2695 1157 2743 unus
1182 2669 1300 2756 locus,

281 2780 377 2850 quem
398 2761 464 2847 ipse
479 2777 609 2858 quoque
621 2761 723 2858 eltae,
746 2780 786 2830 ex
801 2759 964 2840 Poenulo,
986 2757 1084 2830 facile
1100 2775 1172 2830 eum
1196 2762 1303 2830 annu-

279 2863 358 2916 uere
371 2859 513 2933 potuent
530 2861 644 2910 errent
657 2841 723 2928 surr,
1271 2867 1274 2877 ¹

359 3001 519 3106 Quoptllu
532 3011 660 3100 pulchre
682 3025 795 3082 aratur
816 3009 935 3084 Veneri
950 3007 1017 3082 altr
1030 3025 1161 3084 menter.

279 3174 414 3251 Fallitur
431 3181 525 3247 etiam
539 3173 570 3248 ln
590 3198 649 3260 eo,
672 3183 758 3268 quod
776 3193 867 3270 putat
887 3183 1091 3270 proverbium
1107 3160 1242 3254 dullum
1267 3181 1307 3252 ab

286 3267 344 3349 iis,
366 3265 420 3354 qui
441 3265 472 3332 in
495 3265 562 3332 aliia
574 3267 755 3348 irridendis,
778 3281 870 3334 manu
883 3270 923 3336 ad
942 3285 1049 3335 aurem
1066 3263 1218 3352 admota,
1237 3270 1306 3338 imi·

152 3352 158 3365 ‘
280 3349 552 3418 tauturaurieulus
570 3351 653 3420 asini.
694 3353 774 3421 Cum
797 3353 881 3420 enlm
898 3345 1049 3435 constet,
1070 3353 1134 3421 dier·
1158 3355 1309 3438 debere,

286 3437 375 3503 edire
389 3451 527 3517 manum,
550 3450 613 3502 nou
632 3437 761 3504 addere:
781 3449 878 3506 nemo
892 3447 956 3505 uon
975 3435 1081 3520 videt,
1095 3457 1190 3522 eam,
1213 3459 1310 3528 quam

280 3519 338 3588 llle
360 3532 445 3586 ratus
470 3517 542 3600 est,
567 3521 725 3605 proverbii
746 3523 897 3608 originem
920 3519 1070 3591 essenon
1093 3523 1201 3610 punse.
1245 3521 1309 3595 Sed

280 3604 336 3673 lon
358 3604 533 3670 edeterius
559 3623 663 3672 novus
689 3605 847 3674 Plautinus
875 3605 1051 3694 interpres,
1082 3609 1138 3693 qul
1155 3625 1202 3678 ue
1228 3608 1314 3677 vtdit

283 3619 431 3774 quifiem,
454 3687 528 3772 quid
545 3689 715 3774 proverbio
733 3691 929 3758 indicaretur.
960 3687 1042 3758 Cum
1064 3695 1150 3766 euim
1166 3694 1313 3770 venissel

284 3775 325 3844 ed
337 3774 425 3846 illum
439 3769 564 3842 versum
583 3791 624 3842 ex
639 3775 815 3858 Aulularia,
850 3863 852 3870 Ι

404 3939 457 4020 lte
478 3942 546 4014 iliis
565 3943 694 4032 impuris
715 3947 848 4022 omnibus
867 3941 1085 4038 adllatorum
1266 4031 1322 4106 m
