2738 4910
40 365 61 448 'f
182 379 515 490 wollt..
576 373 619 445 A.
694 369 1045 439 Munere

241 547 369 624 eruditis
380 534 569 610 namneus
582 530 768 600 dubitarunt
783 524 869 606 esse,
890 541 947 592 eur
960 523 1120 590 diceretur
1132 535 1261 608 emptor

243 638 425 712 neminem,
451 623 505 708 qui
525 633 636 686 contra
661 615 692 682 se
714 614 883 690 liceretur,
911 609 1115 693 appoliturus.
1159 608 1260 674 Certe

240 726 324 792 eninr
344 716 447 783 solent
466 705 621 774 interdurn
644 699 826 766 venditores
847 694 877 761 ia
900 692 1097 760 autlionibus
1119 692 1258 756 licitato-

239 826 308 877 rem
330 801 463 882 aliquem
485 802 660 875 apponere,
682 783 735 867 qui
762 781 794 847 se
816 795 921 844 emere
944 777 1030 842 velle
1057 775 1197 842 srnralet:
1228 775 1260 838 dc

269 891 342 957 luris
359 885 488 950 liceacar
512 885 768 956 eaquaevenum
783 859 1026 948 exporrectum,
1046 877 1139 943 quam
1173 858 1261 926 uanti

241 914 337 1046 Fiant:
365 981 402 1032 ut
419 981 459 1028 co
484 952 707 1050 modo-ceteri
730 965 888 1033 emptores
908 945 1106 1012 inducantur.
1149 878 1276 1024 leque·

242 1063 307 1130 hoc
332 1053 421 1136 saepe
445 1044 511 1113 fieri
536 1040 682 1106 vidrmus.
721 1035 856 1117 Emptos
877 1046 981 1096 autern
1002 1047 1088 1109 cur,
1115 1027 1260 1112 quaeso,

241 1153 456 1230 quemquam,
479 1127 532 1212 qui
547 1137 661 1190 contra
678 1136 710 1186 te
728 1118 875 1194 licentur,
897 1111 1062 1199 apponat?
1087 1111 1122 1180 ld
1140 1109 1260 1180 enimse

239 1227 363 1302 faciat,
394 1213 529 1284 obstabit
556 1209 627 1276 sabi:
659 1223 762 1298 neque
782 1202 844 1267 hoc
862 1197 991 1266 dubium
1014 1195 1079 1278 cll,
1104 1195 1179 1280 quin
1206 1195 1263 1280 qui

245 1299 477 1386 enrerealiquid
498 1293 586 1376 vult,
606 1289 682 1358 illud
702 1288 806 1372 potius
819 1300 929 1369 optare
939 1283 1072 1362 debeat,
1093 1295 1130 1345 ut
1145 1299 1262 1356 necue,

272 1396 303 1463 ui
319 1405 431 1458 contra
450 1377 651 1455 licerivelit,
672 1373 853 1456 reperiatur.
898 1367 1003 1455 Quare
1025 1365 1045 1432 sr
1071 1365 1124 1450 qui
1150 1379 1264 1430 contre

242 1421 281 1554 Pe
298 1479 429 1547 liceatur
456 1485 499 1551 op
543 1476 613 1534 nat.
643 1477 707 1524 non
726 1454 783 1522 srbi
812 1453 977 1532 consulet,
1006 1448 1059 1516 sed
1085 1449 1259 1516 venditori.

251 1562 340 1660 Quid
356 1558 450 1644 igitur
472 1571 490 1614 e
524 1542 668 1614 ‘llvlulta
688 1539 727 1606 ab
743 1537 805 1606 istis
820 1537 1038 1620 mydas-nte
1059 1533 1150 1600 allata
1173 1533 1264 1612 sunt,

246 1666 328 1736 quae
349 1641 403 1726 qui
424 1646 571 1701 accurate
593 1625 739 1694 refellere
767 1619 864 1700 velit,
885 1617 1033 1688 ridiculus
1051 1616 1110 1684 fiet
1132 1617 1261 1684 itasunt

245 1729 379 1804 ridicula
397 1719 461 1806 ipsa
479 1719 509 1784 u
530 1713 623 1781 levia.
665 1711 836 1778 Peccatum
857 1703 909 1771 hic
935 1701 998 1784 est,
1030 1701 1112 1768 ut&
1137 1703 1168 1768 in
1196 1701 1265 1768 aliis

242 1816 332 1890 libris
357 1809 467 1884 saepe,
496 1801 528 1867 dt
547 1799 579 1864 in
606 1791 769 1863 Pandedlis
794 1788 985 1856 Florentinis
1010 1785 1203 1870 saepisfinre,
1232 1799 1270 1850 ut

246 1898 346 1972 semel
363 1905 483 1960 tanturn
498 1883 618 1970 politae
637 1880 696 1946 sanc
717 1877 862 1951 litterae,
883 1891 960 1958 quas
977 1870 1125 1956 genrinari
1138 1885 1271 1955 oporte·

245 1991 313 2056 bat.
353 1970 534 2060 legendum
555 1965 638 2032 eninr
658 1961 723 2042 est,
744 1963 798 2045 qut·
814 1971 920 2024 centra
935 1956 1134 2042 felicemne,
1155 1953 1270 2032 idest,

250 2071 306 2157 qui
320 2079 430 2133 contra
452 2051 519 2134 asle
533 2051 675 2117 licentur.
714 2045 760 2112 Ut
776 2044 857 2109 eninr
872 2043 1021 2110 venditor
1037 2037 1145 2104 auore
1163 2055 1267 2122 appo·

251 2155 320 2232 nit,
339 2147 392 2234 qui
407 2139 505 2229 pluris
526 2136 697 2213 liceantur,
718 2131 761 2195 ita
778 2143 901 2212 emptor
922 2126 976 2212 qui
990 2122 1130 2188 minoris:
1152 2138 1188 2188 ut
1207 2121 1270 2188 libi

249 2235 376 2310 facilius
395 2247 444 2295 res
469 2221 640 2290 addicatur.
678 2212 786 2299 Assem
805 2226 912 2278 autern
933 2229 990 2295 pro
1012 2207 1141 2275 miniano
1160 2207 1270 2290 pretio

251 2336 379 2390 veteres
390 2313 481 2396 saepe
497 2305 658 2372 dicebant:
681 2315 784 2383 coque
799 2295 928 2363 nornine
943 2297 973 2362 in
992 2291 1085 2358 rebus
1097 2307 1272 2358 extenuan-

251 2405 350 2478 dis&
371 2392 552 2482 abjiciendis
573 2387 752 2461 utebantur.
792 2381 937 2450 Socrates
957 2375 1038 2463 apud
1066 2377 1268 2444 Varronem:

252 2489 334 2579 Asse
364 2488 488 2560 unum,
509 2473 572 2563 asse
593 2469 840 2560 pulmentarium.
882 2463 983 2532 Cato:
1007 2460 1099 2553 Quod
1117 2479 1178 2528 ntra
1196 2473 1272 2543 epus

249 2575 318 2665 esi,
339 2567 404 2656 csse
421 2554 594 2642 autumes.
633 2554 670 2622 ln
689 2551 809 2620 ludicro
826 2554 991 2635 poemate:
1014 2549 1088 2616 Non
1102 2565 1136 2610 ac
1149 2565 1176 2610 se
1186 2544 1275 2626 snei·

230 2673 335 2738 eret,
356 2664 485 2734 euntque
515 2633 609 2710 teile.
648 2636 810 2704 Catullus:
837 2635 948 2700 Omnes
967 2637 1058 2698 unius
1084 2649 1119 2695 ne
1146 2633 1274 2696 erremus

254 2741 341 2826 osse.
390 2730 561 2802 Horatius:
592 2724 630 2790 le
652 2723 758 2788 ericiis
774 2717 874 2801 fixum
894 2721 948 2803 qui
962 2714 998 2802 se
1021 2718 1155 2784 demittit
1169 2717 1205 2779 rt
1225 2733 1273 2780 os·
1355 2719 1356 2722 ’

270 2850 325 2898 em.
369 2818 507 2889 Perseus:
531 2811 573 2878 Et
599 2815 714 2872 cretum
738 2803 870 2867 Graecas
891 2813 975 2867 curta
997 2798 1128 2884 centusse
1147 2800 1273 2874 licetur.

254 2908 338 2998 Asse
353 2905 447 2990 igitur
467 2897 575 2970 liceri,
598 2887 643 2956 est
662 2886 797 2974 pretium
816 2886 860 2952 rei
874 2901 1044 2952 extenuare
1065 2886 1096 2952 dt
1117 2883 1277 2966 abjicerc3

256 2993 346 3086 quod
362 2989 416 3086 qui
430 2981 545 3061 faciat,
567 2977 589 3045 sa
605 2985 732 3057 ‘emptor
750 2985 907 3056 apponat,
929 2971 1071 3056 improbe
1086 2985 1158 3034 eurn
1170 2965 1276 3034 taen

256 3100 328 3154 rurn
347 3073 464 3139 Crcero
484 3077 586 3151 putat.
627 3056 664 3124 ln
686 3054 798 3146 eodern
823 3053 903 3122 libro
924 3056 1012 3140 quod
1026 3053 1123 3138 uulgo
1138 3053 1182 3118 ita
1200 3051 1278 3138 legi·

134 3213 138 3224 .
257 3183 331 3236 tur:
352 3170 500 3226 utemaer
517 3145 609 3230 senat
627 3146 663 3208 in
681 3137 780 3226 restro
796 3135 860 3224 pest
879 3140 1035 3206 meridiem
1053 3137 1281 3224 descenderent.

257 3263 355 3318 vetus
384 3239 463 3308 liber
492 3249 579 3300 cneus
601 3225 724 3302 habet,
754 3221 950 3308 escenderent.
1005 3223 1114 3298 necte,
1129 3222 1279 3288 omnino.

256 3335 377 3418 Neque
392 3323 475 3390 enirn
494 3312 716 3402 descenderere
733 3305 832 3393 rostra
848 3307 1017 3388 dicebant,
1036 3305 1092 3374 sed
1104 3302 1282 3391 escendere.

258 3413 430 3518 Esceredere
448 3419 553 3472 tutan
570 3393 807 3492 veterelingua
826 3393 857 3460 dt
873 3391 1031 3492 escendere
1048 3391 1132 3460 idem
1153 3388 1222 3456 est:
1246 3405 1285 3455 ut

255 3501 333 3572 alrbi
347 3491 455 3564 docui.
495 3489 533 3556 ln
550 3481 664 3576 eodem
679 3479 761 3572 latero
775 3493 820 3544 rta
838 3477 952 3563 legatur
964 3478 1057 3543 etiana
1075 3477 1108 3543 in
1125 3473 1162 3542 iis
1174 3475 1291 3556 libris,

197 3661 201 3681 Ι
259 3588 319 3672 oui
335 3597 373 3650 ut
393 3577 515 3646 hiantes
531 3567 716 3662 inducantur
735 3581 784 3628 ern
809 3579 921 3643 tores,
947 3581 1020 3630 cunr
1040 3561 1119 3628 totis
1135 3557 1289 3645 plaustris

257 3673 414 3746 librorum
434 3672 581 3728 veterum
608 3649 716 3718 collau
738 3665 805 3714 ese
825 3647 990 3714 dicuntur:
1012 3644 1107 3714 Nunc
1138 3648 1217 3712 atee
1245 3643 1289 3710 nd

260 3755 317 3828 eui
339 3749 551 3836 iaperatorem.
573 3754 650 3824 quae
673 3734 770 3820 mesor
789 3732 912 3798 utiliter
940 3749 1029 3816 quaere
1046 3727 1203 3816 regnandi
1225 3725 1291 3815 esse

257 3773 378 3934 perse?
405 3829 488 3898 nitu
516 3835 623 3892 caetra
643 3817 786 3919 inutilius
809 3818 839 3883 ee·
857 3817 912 3902 que·
935 3815 970 3881 id
983 3810 1094 3902 insusse
1110 3811 1291 3899 censecutos

256 3927 319 4016 stt,
338 3918 481 3991 invenio,
503 3931 570 3978 crem
591 3906 632 3974 ed
654 3914 815 3972 uertentem
842 3901 925 4054 coefi
944 3917 1088 3968 reuecue
1109 3901 1302 3972 eademne.

150 4064 156 4078 .
260 4005 430 4100 legendum
445 4009 552 4069 auteur
568 3992 632 4062 hoc
649 3987 767 4060 modo:
788 3982 865 4056 Nea
896 3985 980 4068 tabee
997 3983 1038 4056 ed
1061 3985 1150 4072 etigr·
1165 3985 1295 4071 aptoto-
