2742 4894
977 53 1005 98 s

235 351 275 401 nr
290 299 502 402 ''Crcrnnnrs
539 327 756 400 Pnrnrrrrcue
793 330 957 403 Scirone.
1039 336 1101 409 oin

123 485 216 586 Quod
236 485 276 576 eft
297 488 440 574 inurius]
473 486 521 554 Ita
539 487 670 568 meiius,
699 505 822 572 quern,
849 503 884 553 ut
907 503 1018 568 nrree,
1038 491 1106 558 inu·

83 576 201 645 danius.
241 581 358 640 Lauros
377 589 482 640 autern
496 573 654 640 vocabant
668 569 815 656 honestos¹
840 588 1033 658 ornatusque
1054 576 1100 642 ci·

80 677 150 770 ves.
194 658 385 740 Terentius,

148 829 260 915 Omnes
282 830 316 893 in
337 827 425 892 inuia
445 839 496 904 re,
521 824 558 898 [d
579 828 650 890 bene
668 815 759 914 porte
779 823 868 892 nucia
884 837 1009 909 purant.

102 996 323 1082 ·Negiiginos
341 990 423 1081 isto]
445 991 545 1060 Vetus
564 991 664 1070 liber,
684 993 766 1056 necie
790 996 879 1060 imos.

45 1099 55 1112 ·
123 1083 167 1148 E:
191 1084 284 1148 nimis
308 1083 437 1176 antiquo
454 1077 492 1152 d?
506 1073 607 1172 fluite
630 1012 788 1164 ducimosff
811 1076 860 1144 Ita
876 1077 906 1145 dt
924 1075 1037 1148 Graeci
1049 1081 1099 1150 10·

64 1183 226 1254 quuntur.
265 1163 441 1232 Lucienus:

57 1432 60 1441 Ι
142 1339 279 1405 Aminei(
302 1331 359 1395 πιὟ
377 1331 504 1413 inp-dtr,
523 1327 637 1394 nannai
656 1357 702 1411 π,
722 1329 803 1414 pus&
823 1357 848 1393 π
868 1325 946 1404 οἴκῃ

67 1504 187 1572 eodem
212 1499 334 1571 ratione
358 1497 483 1580 eadm
507 1512 625 1564 vocant
650 1498 792 1566 homines
812 1498 1014 1583 simplices&
1038 1503 1096 1570 rni.

71 1593 166 1658 nime
184 1587 295 1654 maios.
332 1583 427 1652 Plato
441 1584 472 1649 in
494 1581 611 1668 Hippia
625 1583 764 1650 minore:
786 1585 962 1666 ιςῆφόμωι
984 1587 1096 1668 deza..
1132 1643 1142 1666 ,
1234 1549 1242 1588 ³

68 1676 141 1740 aim
169 1678 208 1735 vi,
231 1667 375 1734 'oimin
396 1667 449 1732 ubi
465 1686 572 1752 parurn
587 1665 667 1733 vidit
683 1667 826 1747 Ficinus,
846 1667 900 1750 qui
918 1674 1028 1751 aaa..
1049 1671 1096 1739 in.
1204 1725 1208 1739 ,

71 1770 268 1842 terpretatur
299 1749 344 1816 est
358 1798 370 1832 ,
389 1750 551 1836 seniorem.
601 1749 717 1818 Cicero
745 1767 804 1834 pro
832 1751 905 1817 Sex.
943 1751 1092 1822 Roscio:

67 1845 227 1991 Homines
251 1840 394 1920 antiqui,
431 1841 546 1922 quiex
572 1847 685 1904 nuiuro
700 1833 760 1922 suo
787 1845 899 1900 ceteros
913 1831 1094 1922 fingerent,

69 1947 127 1994 cre
149 1929 161 1990 i
181 1934 280 1988 erunt.

126 2008 172 2076 Ur
191 2005 237 2089 fic
263 2006 442 2096 iroscuiurn,
469 2015 503 2069 ui
533 2000 617 2086 cini]
647 2003 682 2070 Si
699 2021 808 2070 ornnes
831 2003 925 2078 etiarn
952 2005 1095 2074 minimae

68 2093 267 2163 mutationes
282 2091 458 2152 minutatim
476 2084 641 2168 persequi,
663 2087 738 2152 &in
762 2105 867 2152 earum
888 2090 1008 2155 ratione
1023 2091 1092 2155 red·

77 2181 182 2243 denda
210 2167 366 2238 immorari
393 2168 513 2248 velini,
549 2170 626 2234 liber
662 2167 904 2236 conscribendus
932 2170 1031 2238 fuerit
1055 2174 1093 2242 iis

10 2287 16 2295 ·
74 2260 172 2348 ipson,
186 2273 263 2340 quas
276 2252 458 2331 emendavi,
474 2251 666 2318 orationibus
678 2252 792 2334 maior.
808 2254 883 2319 inihi
897 2273 1002 2321 autem
1016 2273 1091 2325 cum

68 2364 133 2434 per
148 2343 180 2410 se
193 2338 357 2408 molestum
373 2335 417 2403 est
432 2353 469 2402 ea
485 2337 634 2417 scribere,
654 2355 734 2422 quae
747 2337 897 2404 lectorem
914 2356 1017 2423 neque
1026 2359 1088 2406 nra·

68 2442 215 2518 gnopere
237 2426 399 2501 doceant,
436 2437 539 2506 neque
574 2421 636 2486 ulia
656 2422 822 2506 voluptate
840 2422 1088 2520 permulceant:

71 2534 146 2582 tunr
157 2559 169 2594 ,
197 2524 233 2575 ut
250 2510 281 2575 in
303 2505 474 2572 tribuendis
496 2503 679 2586 beneficiis,
706 2505 748 2570 ito
765 2507 795 2572 in
816 2504 864 2572 hie
889 2525 1017 2591 quoque
1037 2527 1086 2573 re·

72 2601 136 2666 bur
153 2595 277 2662 videtur
294 2591 425 2676 diligens
449 2589 503 2655 iile
525 2593 714 2658 &accuratu
731 2587 895 2658 subductio
914 2592 1031 2676 angusti
1055 2591 1089 2660 dc

70 2681 164 2752 exilis
176 2671 270 2746 animi
281 2673 358 2743 esse.
383 2673 520 2740 Odiosus
531 2675 673 2740 iitetianr
688 2674 824 2753 amicus,
847 2675 902 2762 qui
917 2676 1083 2742 emicone·

66 2786 135 2854 que
148 2765 221 2830 dare
233 2761 288 2830 niii
304 2757 528 2836 adcalculurn,
548 2756 743 2841 &quicquid
758 2758 897 2840 dederit,
918 2759 1036 2825 referre
1050 2761 1082 2828 in

65 2855 169 2922 libros
183 2848 338 2914 rationum
357 2842 446 2909 velit.
490 2840 673 2927 Infigniores
686 2843 782 2926 igitur
805 2842 902 2908 modo
916 2843 1007 2910 iocos
1026 2862 1083 2911 no·

67 2955 138 3006 tare
152 2933 271 3000 animus
285 2927 349 2994 est:
369 2925 492 3012 qualem
511 2927 594 2992 hunc
611 2923 680 2991 esse
695 2927 739 2992 ita
749 2927 955 3008 confidimus,
977 2941 1012 2992 ut
1027 2945 1080 2994 nc·

67 3023 185 3092 minem
207 3035 265 3084 nos
281 3012 421 3098 iniquum
434 3009 597 3076 industriae
611 3009 733 3078 nostrae
749 3011 887 3094 judicem
908 3013 1082 3096 ejuracuroe

65 3104 282 3196 profiteamur.

111 3189 170 3254 Sed
187 3186 279 3252 iidem
304 3180 358 3246 iiii
379 3181 427 3246 ito
444 3177 576 3262 mecum]
599 3175 701 3246 Vetus
724 3179 822 3259 liber,
845 3182 891 3243 ito
907 3197 1015 3246 merom
1035 3183 1079 3246 id.

66 3287 191 3344 wniur.
230 3266 293 3336 Sed
313 3263 443 3330 verbum
468 3263 500 3330 id
518 3261 557 3326 ab
576 3261 639 3326 aiio
661 3263 765 3354 potius
782 3265 928 3362 quopiam
945 3263 1079 3350 suppofi.

69 3375 139 3427 turn
155 3401 167 3436 ‚
188 3371 280 3439 quarn
295 3369 313 3415 e
330 3349 486 3416 Cicerone
504 3345 639 3431 positum
653 3347 850 3414 crediderim.

114 3439 206 3508 Credo
231 3440 308 3501 enim
330 3453 379 3501 ros
395 3433 508 3498 nobiles
527 3431 683 3516 homines]
706 3431 842 3525 Quidum
863 3431 960 3496 homo
980 3432 1083 3498 crudi·
1188 3505 1190 3511 Α
1235 3439 1250 3501 f

65 3543 146 3605 tus,
176 3523 208 3590 in
224 3519 327 3600 libre,
354 3535 448 3602 quem
466 3512 616 3598 inscripfir
633 3513 773 3582 Leiricon
796 3516 875 3598 Juris
895 3517 1016 3596 civilis,
1036 3516 1082 3582 af·

68 3609 236 3686 firmavit,
267 3603 395 3668 noiiiem
416 3620 434 3666 n
458 3601 617 3666 veteribus
637 3617 788 3668 vocaturn
812 3599 878 3666 esse
896 3601 1080 3680 nerninem,

68 3693 127 3769 nifi
146 3689 320 3777 plebeium:
340 3685 371 3755 in
390 3683 563 3772 quo.vaide
580 3680 713 3755 fallitur.
751 3681 853 3750 Nuiio
872 3685 953 3752 eninr
972 3683 1078 3750 discri·

65 3780 152 3846 mine
177 3780 207 3843 dt
227 3770 350 3860 patricii
370 3770 400 3837 du
422 3768 552 3854 plebeii,
571 3786 704 3854 quorum
717 3783 839 3852 putres,
858 3770 929 3850 nvi,
951 3769 1082 3849 majores

63 3863 142 3931 cieri
157 3877 253 3946 atque
266 3854 411 3928 honorati
428 3852 578 3936 fuissent,
589 3854 704 4027 gieio
718 3853 929 3923 vocabantur.
950 3872 1018 3922 narn
1036 3853 1081 3916 io·

635 3953 687 4024 qq
708 3955 729 4024 2
1031 3953 1088 4004 ω*

844 4151 850 4190 i
