2742 4894
178 261 322 386 Ι,ςθρ
471 255 524 328 Μ.
596 211 643 326 Ἀ.
725 251 1086 340 lllnnenr

307 417 382 486 Non
400 435 455 502 pua
474 431 516 478 me
531 413 571 476 aa
585 426 700 498 tempas
715 411 904 499 occursurum
918 433 982 478 nnn
997 409 1198 495 putarem]
1224 407 1322 488 Alii,

265 499 451 580 occursurum
461 511 614 580 putarent.
638 515 821 582 perperam.
842 497 1010 563 nocerim
1028 497 1144 576 dicit,
1167 513 1237 561 non
1246 511 1320 558 caan

265 589 321 656 sibi
348 583 441 654 fuisse
462 582 599 657 caussam
622 581 832 668 suscipiendae
854 597 961 648 tantae
979 581 1198 654 celeritatis,
1220 579 1319 662 quod

265 672 355 736 aliter
380 666 412 731 se
432 666 470 730 ad
495 681 622 752 ternpus
649 666 850 732 occursurum
873 683 937 732 non
1011 679 1125 731 taret:
1147 664 1208 730 sed
1220 665 1315 748 quod

265 757 342 836 reip.
364 751 608 833 quamprimum
632 753 778 836 gratulari
795 767 936 835 cuperet.

304 834 411 913 Madia
435 851 536 900 autern
560 838 728 921 impendere
746 833 964 919 nidernmun]
991 834 1109 902 Vetus
1122 832 1240 913 iper,
1263 835 1318 896 in.

159 951 163 960 »
259 921 388 1007 pendere
407 918 562 985 uidentur.

302 1003 407 1090 Hujus
434 1015 532 1068 tanen
551 1003 650 1089 diri]
679 1004 821 1085 ¹Tamen,
851 1001 990 1088 pastum
1013 1001 1068 1068 est
1088 1020 1156 1086 pro
1177 1000 1316 1078 saltem,

257 1102 341 1166 aut,
371 1085 392 1154 si
423 1087 499 1152 nihil
519 1083 621 1168 aliud,
649 1104 684 1153 ut
704 1089 795 1174 saepe
817 1088 913 1154 alias.
936 1086 1029 1171 quod
1044 1087 1107 1170 qui
1128 1105 1198 1154 non
1220 1086 1317 1151 vide·

259 1189 355 1250 rant,
376 1167 559 1240 sustulerant
580 1190 696 1239 vocem
713 1175 815 1251 illam,
840 1187 874 1238 ut
891 1169 1150 1238 redundantem.

305 1255 526 1344 eleanan]
546 1255 592 1322 Ita
612 1275 747 1339 ornnes,
775 1277 856 1342 quoe
886 1273 949 1340 ego
973 1256 1115 1339 quidem
1141 1257 1311 1330 viderim,

267 1355 398 1406 veteres
422 1341 509 1408 libri.
539 1359 673 1424 quorum
698 1339 883 1408 consensum
909 1342 1021 1423 potius
1042 1338 1190 1424 sequor,
1212 1359 1309 1424 quarn

267 1423 432 1506 Graecae,
452 1427 505 1510 qui
520 1443 557 1490 ex
572 1427 634 1492 hoc
643 1469 655 1503 ‚
676 1441 711 1492 ut
725 1445 765 1492 ex
780 1427 848 1492 aliie
861 1425 972 1492 multis
987 1425 1208 1506 nornirnibue‚
1228 1423 1310 1510 aspi·

260 1509 608 1592 rationeindetralrunt.
826 1567 831 1580 .

304 1593 373 1688 ραι·
396 1593 451 1658 lna
476 1597 503 1658 ei
519 1595 653 1681 diceret]
682 1595 758 1662 Hoc
780 1593 890 1662 melius
908 1593 999 1672 esse,
1013 1591 1159 1665 ‚uiderat
1181 1593 1214 1660 da
1232 1593 1308 1660 Fer·

248 1681 386 1828 {ariana
414 1679 502 1760 cujus
526 1679 738 1760 conjecturam
768 1677 881 1766 optimi
908 1677 981 1746 libri
1008 1677 1196 1746 aunarius
1221 1697 1304 1746 coa·

289 1777 412 1830 inravit.
825 1828 829 1840 ,

309 1845 355 1909 Ut
375 1845 603 1910 decernerentur
619 1843 860 1932 supplicationes
875 1845 1046 1932 mariani]
1069 1847 1191 1926 Antea,
1214 1867 1307 1910 enar.

262 1941 404 2006 raanan,
435 1926 534 1996 male.
560 1929 602 1996 de
630 1951 695 1998 uno
715 1933 799 2000 enirn
822 1931 955 1998 Caesare
981 1931 1144 2016 loquitur.
1176 1949 1301 2016 neque
1356 1937 1357 1968 l

262 2011 336 2079 satia
353 2002 462 2085 latine
472 2013 576 2080 oratio
583 2031 669 2096 dat,
690 2017 855 2100 quomodo
869 2031 961 2083 antea
977 2013 1150 2100 legebatur.

304 2093 591 2186 narrandumne]
616 2095 651 2164 In
674 2117 784 2167 vetere
799 2102 902 2180 libro,
934 2103 1001 2186 qai.
1045 2099 1109 2168 Sed
1136 2097 1301 2165 sennaar

251 2181 342 2246 ratio
358 2180 485 2264 antiqua
498 2181 559 2248 est:
583 2198 618 2250 ut
633 2189 663 2250 in
678 2185 735 2251 illo
744 2185 881 2268 Virgilii:
901 2221 944 2236 -
966 2186 1023 2270 qui
1042 2203 1103 2248 nen
1121 2181 1227 2268 risere
1239 2201 1296 2268 pe·

249 2280 375 2352 rentes.
416 2265 469 2333 Sic
489 2264 594 2348 infra,
626 2287 752 2352 anain,
781 2287 866 2354 pre,
887 2287 1041 2354 aequam:
1064 2267 1097 2334 de
1124 2267 1289 2348 lxm,

259 2366 346 2434 pro,
366 2351 543 2435 loquuntur.
611 2405 613 2410 .

309 2431 355 2498 Ut
368 2435 454 2519 cujas
467 2431 661 2522 sepulcrum]
683 2435 780 2504 Liber
796 2451 911 2516 vetus,
931 2433 1150 2522 sepulchrum.
1194 2435 1294 2506 Sic&

260 2515 428 2584 lachrimas
452 2515 542 2604 saepe
564 2521 595 2586 in
622 2540 662 2590 eu
677 2521 827 2606 scripturn
846 2521 972 2588 videas.
993 2537 1075 2605 puto
1092 2539 1212 2588 autem
1237 2523 1296 2588 hoe

258 2619 325 2669 non
344 2599 509 2685 superioris
529 2605 647 2686 periodi
669 2607 843 2672 membrum
860 2601 947 2688 esse,
969 2603 1021 2670 sed
1036 2603 1167 2688 plenam
1184 2609 1221 2676 de
1242 2609 1297 2672 ab·

259 2683 395 2754 solutam
411 2689 750 2772 conprehenfionen,
769 2707 849 2774 quae
866 2708 922 2774 per
939 2689 1198 2776 indignationem
1218 2689 1294 2757 effe·

253 2786 369 2852 ratur,
390 2771 452 2837 hoc
472 2773 590 2842 modo:
622 2773 668 2840 Ut
695 2775 784 2856 cujus
811 2773 1160 2858 sepulcrumnnsquam
1181 2793 1295 2852 extet,

257 2855 312 2918 ubi
335 2869 542 2939 parentemn,
568 2858 596 2924 ei
621 2859 749 2944 publice
767 2855 988 2944 supplicetur?
1021 2857 1093 2942 Ego
1115 2877 1237 2941 vero,
1265 2859 1291 2926 ἅ

260 2953 377 3006 cetera.

307 3023 442 3092 Dicendi
449 3023 645 3112 periculam]
663 3025 712 3092 Ita
727 3029 821 3096 etiam
836 3028 866 3095 in
881 3027 1007 3112 optima
1025 3027 1107 3094 lino
1126 3025 1282 3112 scriptun

260 3103 336 3203 ‘sta
361 3109 421 3176 Sed
436 3110 493 3176 alia
514 3127 605 3178 manu
626 3128 690 3191 ex,
712 3114 852 3194 ditandi,
871 3109 992 3179 fanum
1011 3109 1079 3192 est,
1101 3111 1279 3178 dicedeedi:

259 3193 407 3260 nimirum
428 3193 618 3278 abaliquo,
641 3196 695 3279 qui
733 3217 791 3278 ru,
811 3198 951 3276 decadi,
982 3195 1147 3263 hocloco
1179 3195 1286 3262 substi-

260 3276 592 3374 tueretadilaedendi,
614 3217 819 3350 &stuiiitiam
835 3281 919 3348 suani
933 3281 1002 3364 eius
1014 3279 1288 3349 lnriautloritate

264 3377 372 3442 regere
388 3381 416 3427 in
432 3379 537 3428 annno
555 3361 696 3431 haberet.

299 3445 384 3534 Quod
401 3445 478 3512 iden
496 3461 559 3511 nan
577 3446 686 3528 faeere
702 3451 831 3538 patuit]
857 3451 962 3519 Antea
986 3449 1171 3535 legebatur:
1193 3447 1285 3554 2⁷⁰¹

261 3529 342 3595 idem
359 3526 468 3604 ‚iacere
489 3551 550 3596 nan
566 3537 687 3616 patuit:
707 3553 812 3619 neque
828 3533 899 3620 sane
922 3535 1012 3602 aliter
1030 3529 1078 3600 est
1099 3533 1129 3600 in
1157 3553 1283 3614 optimo

260 3612 320 3678 illo
345 3609 447 3694 libra,
474 3633 567 3698 quani
587 3615 618 3683 in
637 3619 839 3703 pervulgatis.
884 3619 916 3688 si
942 3617 1012 3704 quis
1032 3633 1140 3684 tamen
1159 3615 1282 3685 senten·

262 3697 338 3764 tiarn
360 3713 506 3764 accurate
523 3699 727 3783 confideret,
757 3701 849 3788 spero
866 3703 895 3768 ei
914 3701 1128 3784 caniesluranr
1146 3701 1282 3772 nonan

259 3781 429 3866 pabutum
456 3785 510 3850 iri.
537 3785 601 3865 iani
615 3799 765 3870 quantuni
789 3787 910 3856 interfit
926 3785 1101 3854 interhaec
1118 3785 1208 3869 dun,
1231 3800 1282 3870 pn·

263 3869 327 3928 nin
344 3885 404 3934 nan
420 3867 549 3948 satire,
571 3869 621 3952 dt,
641 3890 702 3938 nnn
721 3877 823 3956 poenit
835 3871 971 3955 jacere,
1001 3869 1057 3960 qui
1080 3887 1142 3958 per
1165 3871 1201 3940 se
1218 3889 1277 3938 nou

258 3949 366 4034 ridet,
388 3949 472 4040 legat
489 3951 693 4030 Aristotelem
709 3955 772 4038 nel
790 3957 931 4045 lmen.

1188 4035 1279 4131 aare
