2742 4894
214 357 270 408 nrt
308 337 658 410 Pron-tratura
702 341 954 416 sensata·
1033 363 1099 438 ⁹²3

76 497 136 566 etsr
161 497 276 566 Saitica
294 493 490 581 praefectura
518 495 685 564 Minervae
712 495 796 564 saera
816 497 879 580 est,
905 501 964 570 dea
997 517 1108 572 nmen.
1219 555 1226 570 .

76 583 144 668 ipsa
158 599 222 650 non
239 584 309 647 sais
320 581 359 645 ab
376 580 541 666 Aegyptiis
553 583 687 661 dicitur,
710 579 999 665 fallaritanae,
1016 589 1103 673 quod

73 673 141 753 jam
157 665 327 754 Cynthium
348 683 421 731 cum
435 665 585 734 Minerva
607 667 805 745 contulerat,
824 667 881 734 illo
899 670 1011 752 vasu,

300 791 368 858 Aut
399 809 464 856 cunr
493 787 672 855 Dulichios.

76 915 174 1002 plane
192 914 224 983 in
248 889 331 982 meo
346 928 457 980 vetere
479 911 582 993 libro,
610 929 675 978 non
694 909 765 976 Sais
784 911 916 998 legitur,
937 913 1011 994 sed,
1024 913 1101 1001 san·

29 1041 33 1052 Α
82 1001 161 1088 lits,
191 999 299 1066 falsam
323 995 585 1076 declarationem,
614 1009 650 1062 ut
670 994 812 1077 opinor,
845 995 1099 1072 confutavimus.
1230 1035 1235 1048 =

85 1101 194 1152 veram
205 1097 271 1151 aut
287 1082 338 1150 alii
346 1129 368 1182 ,A
379 1097 436 1152 aut
448 1078 583 1148 fortun
600 1098 659 1146 noe
671 1078 726 1164 ipli
746 1079 823 1176 olim
838 1083 1037 1165 reperiemus.

217 1283 288 1334 rar
359 1256 971 1371 ELEGIAMtlt.

125 1421 192 1514 Qui
215 1421 366 1506 nullam]
399 1418 491 1486 initio
518 1417 573 1486 fibi
600 1416 654 1516 ipsa
679 1416 814 1501 quodam
839 1417 936 1486 modo
959 1420 1107 1503 insultat,

86 1508 174 1592 quod
192 1510 245 1592 qui
258 1508 406 1585 ¹diceret,
428 1501 460 1570 se
477 1502 517 1568 ab
532 1521 620 1568 omnr
637 1519 744 1568 amore
758 1501 850 1585 plane
864 1504 1000 1572 liberum
1017 1508 1104 1588 esl'e,

83 1593 190 1658 denuo
213 1590 325 1659 selein
349 1589 477 1655 eosdem
500 1587 630 1670 laqueos
649 1587 771 1652 induat.
794 1587 908 1655 deinde
925 1592 1053 1658 excusat
1072 1591 1104 1656 se

84 1675 209 1762 ipsum:
240 1675 326 1761 quod
344 1690 448 1756 neque
467 1675 569 1757 poeno
583 1686 712 1736 naturae
735 1668 807 1735 suae
826 1691 982 1757 pugnare,
1001 1693 1106 1759 neque
1245 1695 1248 1703 ·

89 1777 155 1825 tam
171 1761 330 1850 Cynthiae
346 1759 465 1834 forma,
486 1773 578 1841 quam
598 1756 665 1820 allis
675 1755 754 1822 raris
775 1756 942 1824 &eximiis
958 1760 1105 1839 dotibus,

86 1844 233 1911 inductus
254 1847 292 1914 [lt
314 1844 353 1910 ad
376 1841 471 1928 ipsam
497 1839 669 1905 amandam.
713 1839 758 1904 Et
784 1855 930 1923 quantum
956 1843 1102 1929 Aeolio]
1156 1911 1163 1937 Ι

88 1947 162 1995 curn
182 1930 282 1996 tribus
303 1925 463 1996 veteribus
485 1925 615 2008 poetriis
633 1921 802 2008 Cynthiam
827 1941 1009 2010 comparat.
1031 1926 1103 1994 sunt

81 2029 187 2080 aurem
216 2015 294 2094 hae,
324 2012 469 2096 Sappho,
503 2008 663 2086 Corinna,
692 2007 723 2072 ἀ
749 2007 885 2103 Erinne.
910 2029 1040 2095 quarum
1064 2012 1106 2077 de

82 2098 184 2182 prima
203 2099 280 2166 nihil
300 2097 406 2162 dicere
425 2089 552 2158 necesse
575 2089 636 2156 est.
658 2107 821 2157 nonenim
842 2093 947 2176 potest
967 2095 1019 2162 illa
1037 2089 1106 2164 cur'·

82 2171 1102 2344 strennuitate“attententdoitrant·

84 2311 261 2415 memorare
308 2347 519 2436 audquaqusm
539 2340 675 2408 alienum
701 2337 811 2406 fuerit.
853 2307 1017 2412 'Corinnae
1045 2348 1103 2433 igi·
1208 2338 1227 2368 '·

85 2449 138 2498 tur
157 2435 236 2499 duae
251 2430 396 2498 dierum:
419 2447 478 2494 una
495 2423 651 2510 Thespia,
673 2424 834 2491 alternant
851 2427 1024 2510 Thebana,
1045 2447 1101 2499 aut

84 2517 284 2602 Tanagraea.
308 2532 440 2598 utraque
457 2511 585 2596 po'e'tica
605 2510 696 2574 laude
715 2509 858 2593 insignis,
878 2512 956 2580 hacc
971 2515 1100 2599 quidem

82 2603 147 2682 ita,
170 2621 204 2666 ut
231 2603 395 2670 Pindarum
420 2595 584 2682 quinquies
604 2593 719 2658 vicisse
738 2595 894 2662 tradatur.
917 2595 970 2664 sed
990 2599 1101 2668 Pausa·

83 2689 149 2752 nias
175 2687 205 2751 id
230 2706 269 2752 eo
298 2685 416 2750 facium
439 2697 549 2766 putat,
581 2679 667 2762 quod
687 2675 835 2746 Pindarus
860 2679 980 2758 Dorica
996 2681 1099 2770 lingua

85 2787 236 2851 caneret,
267 2789 347 2852 quae
368 2787 433 2834 non
455 2765 525 2830 saris
543 2764 769 2847 intelligeretur
785 2763 824 2828 ab
842 2763 1015 2848 Aeolibus,
1045 2769 1099 2836 illa

85 2872 191 2920 antem
215 2856 360 2920 Aeolica.
384 2868 485 2934 neque
508 2867 571 2916 non
598 2849 674 2914 illud
697 2847 734 2915 ad
759 2848 984 2918 conciliandam
999 2851 1101 2919 villo·

82 2943 157 3004 riam
182 2939 340 3024 profuisse
359 2937 471 3010 tradit,
494 2933 580 3018 quod
604 2934 713 2998 mulier
733 2930 815 2998 esset
838 2937 977 3002 omnium
995 2937 1100 3019 perid
1198 2982 1203 2988 ·

83 3039 206 3108 tempus
220 3047 221 3052 ¹
235 3021 463 3088 formofissrma.
507 3017 644 3084 Erinnen
668 3029 771 3080 autern
796 3017 968 3100 sapphonis
987 3039 1100 3105 aequa·
1156 3047 1159 3054 ·

84 3109 143 3174 lem
174 3111 202 3173 dr
227 3101 340 3173 sociam
360 3103 458 3169 fuisse
481 3102 672 3183 accepimus,
692 3117 774 3181 quae
792 3107 904 3182 poema
924 3102 1098 3188 scripserit,

109 3192 171 3258 uod
196 3195 299 3258 Colum
324 3189 481 3264 vocarit,
512 3184 623 3268 partim
649 3179 780 3248 Aeolica
801 3185 953 3260 dialecto,
986 3191 1099 3272 purtim

101 3280 229 3352 dorica,
251 3275 399 3342 trecentis
419 3271 556 3338 verlibus
579 3265 738 3342 constans,
761 3283 846 3334 tanta
867 3268 1039 3355 felicitate,
1062 3293 1100 3342 ut

84 3379 151 3426 eam
178 3379 249 3427 cum
277 3361 422 3434 Homero
443 3375 482 3422 ex
503 3371 604 3436 aequo
626 3352 796 3445 contulerit
809 3355 994 3438 antiquitas.
1017 3360 1100 3428 obiit

51 3477 54 3482 ·
87 3461 193 3512 autem
213 3448 320 3529 virgo,
350 3460 447 3510 annos
462 3439 578 3505 habens
601 3435 813 3518 undeviginti.
835 3457 890 3518 ac,
912 3458 947 3505 ut
965 3442 1007 3508 de
1025 3445 1096 3512 Ho.

88 3531 190 3608 meri,
221 3529 263 3592 ita
283 3530 323 3593 dc
346 3529 435 3609 huius
452 3539 579 3608 quoque
595 3521 692 3602 patria
706 3519 889 3603 ambigitur.
911 3522 982 3602 sunt
996 3529 1098 3613 enim,

90 3615 144 3698 qui
164 3613 298 3692 Teiam,
331 3611 402 3678 sunt
426 3609 479 3692 qui
505 3605 650 3680 letiam,
679 3603 750 3668 sunt
790 3606 819 3668 ui
837 3605 1002 3691 Lesbiam,
1026 3615 1121 3682 sunt,

23 3763 28 3780 ,
90 3699 143 3782 qui
163 3697 321 3764 Rhodiam·
339 3695 469 3762 faciant.
515 3691 632 3772 Turpia
649 3621 840 3775 impetat]
869 3691 1079 3798 Tneocritus:

166 3864 222 3928 'reis
244 3865 345 3940 oe’yidn
365 3865 413 3942 χίἶ
435 3859 524 3937 μ’νπς
546 3857 595 3918 ἆτ’
619 3848 715 3936 0⁴2qu
737 3855 783 3932 εἶν
803 3859 960 3942 Μίλιῖμης

92 4013 97 4024 ,
166 3961 202 4020 Ἐς
223 3949 324 4010 Πύλαι,
346 3943 418 4008 Hi*
439 3951 538 4014 Bt'rtrrrr
560 3943 588 4004 ὰ
609 3941 756 4020 rimarem
778 3947 875 4022 ὶκλίῆη

166 4031 262 4116 Mari(
278 4035 300 4096 ω’
319 4033 387 4118 mil
395 4057 446 4110 ere
467 4029 606 4112 rapinem
628 4024 811 4102 adoranda.

1048 4131 1115 4192 m·
