2776 4920
242 369 376 488 Vpaa
434 311 604 454 Luco.
663 363 779 453 Lao.
832 364 963 456 XI'X.
1058 395 1123 515 4115:

87 525 248 698 {ollium
283 541 378 608 Silius
396 528 444 639 ‘ad'
468 539 594 628 Tagum
614 541 888 625 accommodavit,
916 543 970 612 cui
997 545 1061 616 hoc
1076 533 1132 619 tri·

123 632 194 713 uit,
214 621 421 715 quoufuent
535 685 540 694 .

144 885 148 894 ι
183 795 539 870 commmoratur,
560 789 724 880 prflrrrtur
742 807 855 882 ponere
876 797 997 867 lullum.

391 975 596 1045 Curuo
663 963 849 1090 XVIII.

190 1125 244 1204 De
266 1133 403 1202 Horatio
427 1133 542 1200 Coclite
567 1133 696 1198 Seuerou
716 1111 879 1216 nurrutiuu
906 1139 945 1204 ul
960 1137 1041 1205 vultis

504 1213 730 1302 prutlrrutr‘rsu.
842 1307 851 1316 .

102 1307 494 1457 Ooatioanronn
523 1385 650 1471 dignum
680 1384 842 1468 arbitror,
877 1389 964 1471 quod
993 1406 1064 1460 cum
1089 1395 1128 1466 Pl

106 1471 264 1544 Horatius
274 1471 390 1540 Cocles
407 1471 438 1536 in
462 1485 562 1554 ponte
577 1468 711 1536 sublicio
727 1469 811 1536 solua
825 1471 975 1558 impetunt
990 1476 1126 1547 hostium

103 1554 316 1644 excepisset,
346 1551 539 1638 rescissoque
565 1570 689 1639 ponte,
720 1553 888 1646 incolumia
913 1558 1064 1626 tranasset
1088 1563 1127 1630 ad

106 1645 199 1726 suas,
219 1655 324 1726 gmms
339 1657 412 1724 erga
427 1655 546 1706 tantam
560 1639 709 1706 virtutem
721 1640 856 1724 pupulus
871 1639 1033 1712 Romanus
1044 1643 1126 1716 fnit:

79 1729 168 1806 ·&‚
203 1739 326 1810 praeter
350 1717 478 1791 ssatuam
502 1721 649 1790 ahenearn
672 1723 703 1793 io
727 1723 859 1790 comitio
877 1723 1033 1810 positam,
1058 1745 1126 1806 tao·

112 1827 185 1876 tum
208 1810 237 1874 ei
256 1810 343 1894 agri,
378 1823 528 1894 quantum
558 1827 622 1874 uno
645 1807 697 1874 die
720 1808 954 1877 circumaraslet
967 1855 981 1892 ,
1017 1814 1121 1884 dedita

110 1913 187 1961 cum
207 1896 236 1961 in
261 1892 394 1960 modicis
415 1893 529 1977 opibus
546 1891 675 1958 necesse
701 1891 799 1974 esset,
829 1895 955 1962 modico
979 1897 1047 1964 etse
1059 1919 1125 1966 ma·

153 1997 238 2046 arum
263 1981 418 2045 virtutum
466 1976 588 2042 raemiu.
628 1976 691 2044 Sed
709 1976 785 2042 illud
803 1995 1126 2064 quoquememoratu

132 2066 239 2150 ignum
254 2059 318 2138 est,
342 1995 507 2128 eumifiud
522 2054 619 2146 ipsum
658 2061 945 2149 uantulumcuoque
953 2069 1125 2150 praemium

108 2149 182 2215 acci
205 2165 258 2212 ere
272 2144 422 2216 noluisse:
441 2153 505 2212 non
520 2145 606 2229 quod
621 2079 659 2210 al
729 2161 855 2228 aretur,
875 2164 1047 2232 utparum:
1069 2152 1124 2220 sed

105 2168 204 2318 quoti³
223 2229 361 2308 iuuenem
385 2230 463 2316 reip.
489 2231 594 2296 civem
614 2247 646 2299 es
662 2247 680 2294 e
697 2231 848 2310 duceret,
868 2233 922 2314 qui
937 2231 982 2298 ob
996 2252 1126 2319 operam

104 2315 244 2393 publice
263 2330 401 2381 navatam
428 2313 609 2400 opulentior
630 2311 697 2378 esse
719 2313 786 2378 aliis
808 2313 933 2381 civibus
951 2318 1066 2386 vellet:
1087 2340 1124 2387 ac

104 2408 177 2468 non
202 2397 361 2485 potiusin
378 2397 441 2486 ipsa
459 2399 546 2466 refte
564 2395 640 2464 faui
655 2394 868 2480 consciencia,
889 2401 923 2467 bc
936 2399 968 2468 in
990 2403 1125 2470 caritate

99 2503 145 2552 ac
168 2481 389 2550 benevolentia
416 2483 533 2549 civium
556 2477 683 2548 suorum
708 2480 780 2550 saris
798 2479 853 2548 fibi
871 2501 1016 2568 magnum
1039 2506 1127 2572 prae·
1212 2508 1217 2524 ¹

102 2568 206 2638 mium
226 2573 371 2654 poneret.
414 2563 755 2650 Hoctamennequea
774 2557 891 2649 Livio,
911 2571 1127 2654 nequeaDo
1210 2573 1232 2633 ’,

101 2653 239 2744 oppilo,
261 2663 364 2738 neque
389 2669 407 2718 a
427 2651 597 2720 Plutarcho
620 2650 769 2735 ponitur:
797 2649 871 2736 quin
890 2653 997 2738 potior
1019 2655 1040 2720 ii
1054 2676 1127 2726 om·

107 2750 168 2808 nes
191 2739 237 2804 ita
263 2736 454 2823 loquuntur,
483 2752 519 2802 ut
539 2737 579 2803 ab
597 2755 637 2802 eo
655 2743 828 2833 acceptum
843 2731 939 2804 fuisse
954 2743 1126 2821 praemium
1180 2779 1182 2792 ·

105 2822 303 2910 significent.¹
343 2820 460 2890 Seneca
476 2837 577 2888 tamen
587 2868 599 2903 ,
619 2819 697 2887 alios
715 2819 864 2887 uidelicet
877 2821 1022 2890 auctores
1039 2824 1128 2894 secu·

107 2917 184 2990 t'os,
205 2905 299 2972 aliter
321 2915 446 2973 narrata
474 2905 561 2989 cujus
577 2906 673 2972 verba
694 2903 852 2989 subjiciam
866 2923 890 2970 e
910 2907 1014 2992 capite
1031 2907 1127 2995 septi

100 3011 185 3075 mo,-
202 2991 276 3058 libri
297 2989 417 3077 septimi
434 2989 474 3057 de
492 2991 677 3058 Beneficiis:
717 2989 810 3057 Illum
825 2991 955 3059 ulcerum
968 2993 1124 3078 pussesfia.
1185 3014 1188 3031 ·

97 3065 1126 3246 tutelli{llallltlltltllllllatl‘llltl

311 3205 323 3244 θ
903 3208 916 3242 2

7 3291 9 3296 -
102 3245 253 3315 uirtutem
270 3242 309 3320 Β
328 3248 400 3312 bruc
418 3241 529 3332 gestum
551 3256 644 3330 remp»
670 3256 788 3310 tuntum
808 3247 882 3329 agri
894 3247 1125 3332 decerneretur,

86 3344 256 3420 ‚quantum
275 3330 391 3396 urundu
411 3349 468 3398 uua
481 3327 534 3396 ‘die
547 3324 803 3494 circuiresstssrt.
833 3327 908 3395 Nun
923 3327 981 3413 cst,
1002 3336 1035 3398 iu
1058 3339 1126 3418 uit,

104 3421 193 3484 aubis
210 3419 429 3502 eucpusciuc,
450 3417 500 3480 cui
512 3415 668 3500 pluropus
710 3425 855 3497 affluam
870 3415 926 3480 uni
942 3419 1014 3492 tivi.
1071 3432 1129 3485 aee

13 3575 17 3584 ,
97 3507 250 3572 Seneca:
278 3499 333 3586 qui
352 3515 526 3585 quanquam
550 3497 709 3566 Coclitem
732 3514 795 3563 noo
818 3499 980 3581 nominat,
1002 3499 1124 3572 &euna
1180 3551 1184 3558 .

9 4198 15 4232 l

93 3589 139 3654 de
157 3605 228 3673 quo
253 3583 413 3671 loquitur,
443 3585 529 3670 qood
547 3583 577 3650 in
604 3581 733 3650 Coclite
754 3579 866 3648 mirum
887 3582 985 3650 videri
1000 3587 1125 3670 potest,
1221 3614 1224 3623 ·

93 3670 285 3740 Romanum
309 3670 530 3753 imperatorem
546 3682 662 3748 vocat,
686 3667 829 3760 Coclitem
846 3680 949 3736 tamen
970 3669 1126 3757 intellige·

92 3765 133 3824 r'e
155 3757 297 3822 videtur.
339 3753 449 3823 Sed&
471 3753 502 3820 in
520 3768 663 3818 veterum
686 3749 808 3818 Galliae
829 3769 936 3838 regum
952 3753 1125 3828 Annalibus

93 3843 228 3927 egregia
254 3835 338 3908 facta
359 3839 536 3926 perexiguis
557 3837 633 3904 olim
652 3836 795 3918 praemiis
815 3837 961 3904 decorata
976 3839 1127 3926 legimura

90 3939 167 3998 non
186 3925 276 4010 quod
298 3923 427 3992 minoris
445 3923 537 3993 ficret
554 3926 667 3990 virtut:
690 3920 741 3990 sed
764 3923 850 4008 quod
868 3923 1024 3992 avidiores
1043 3942 1120 3991 tuoe

78 4011 252 4086 mino
273 4009 414 4098 gloriae,
434 4011 536 4084 minus
558 4007 639 4082 aridi
658 4008 811 4097 pecuniae
827 4005 955 4079 forent:
976 4010 1123 4097 gloriam·

1062 4099 1255 4196 Μ,
