2802 4920
242 365 594 437 trt'Clntnlttntt.
634 362 680 435 II.
720 365 962 441 connata.
1049 371 1136 459 585:

93 515 297 615 Magnopere
309 541 484 591 contemno
498 543 553 592 eos
566 542 698 603 omnes,
722 527 866 608 quicum
881 525 1014 596 Catilina
1033 531 1115 598 exic-

90 631 194 693 runt,
225 627 397 760 totumque
415 612 495 676 adeo
520 610 675 677 Catilinae
697 614 889 680 exercitum:
920 612 999 694 led,
1026 617 1126 700 quie·

98 697 196 767 sociis
215 697 281 778 ejus
297 696 328 762 in
364 715 401 760 ac
413 696 490 762 urbe
501 695 698 776 manserunt,
721 713 776 760 eos
788 697 914 762 demum
930 699 1117 765 metuendos

97 781 169 852 esse
187 783 283 848 duco.
326 779 393 848 Cur
419 781 592 846 exercitum
614 765 832 860 contemnam,
863 781 893 847 in
918 783 1023 848 caussa
1047 783 1126 848 sunt*

100 869 240 956 primum
258 863 398 948 legiones
414 861 615 940 Gallicanae,
639 866 669 931 in
694 865 807 949 quibus
830 885 876 930 ma
920 887 971 932 um
997 868 1042 934 est
1062 885 1120 952 po·

95 953 176 1040 pulo
204 951 348 1016 Romano
376 951 558 1034 praesidium
581 947 806 1016 constitutum.
828 949 877 1015 dei
922 971 943 1016 c
966 951 1019 1018 hic
1035 953 1122 1017 dele·

11 1061 17 1068 ·
102 1039 204 1116 clus,
230 1052 325 1120 quem
350 1029 458 1119 habuit
486 1033 641 1101 Metellus
660 1034 690 1100 in
710 1053 788 1118 agro
812 1033 949 1102 Piceno.
971 1040 1001 1103 ot
1020 1033 1122 1116 Galli·

93 1139 161 1188 co.
182 1137 343 1206 praeterea
370 1119 503 1203 copiae,
535 1137 616 1202 quae
637 1119 812 1202 quotidiea
827 1120 919 1186 nobis
936 1139 1120 1204 comparata·

84 1217 173 1272 atur.
204 1223 333 1290 magnos
355 1205 450 1270 etiam
475 1201 548 1268 mihi
562 1204 681 1270 animos
699 1203 776 1270 illud
791 1200 890 1270 facit.
909 1205 994 1289 quoti
1014 1221 1120 1274 totum

100 1286 260 1356 Catilinae
280 1287 453 1354 exercitum
475 1288 570 1353 video
597 1290 862 1354 eretertimorum
880 1289 1039 1356 hominum
1056 1289 1126 1356 col·

98 1374 235 1442 iuvione
260 1373 328 1438 esse
354 1371 538 1439 conflatum.
582 1373 727 1458 scallor
754 1373 899 1453 demum,
920 1375 974 1458 qui
995 1389 1121 1439 manent

100 1459 136 1525 in
154 1461 250 1537 urbe,
269 1475 341 1524 cum
366 1473 471 1524 tamen
490 1455 549 1524 fint
568 1456 686 1524 mestitia
707 1456 759 1522 illa
778 1456 928 1524 societate
949 1458 1124 1541 implicati,

98 1542 194 1611 nobis
208 1541 275 1608 esse
292 1543 427 1608 arbitror
446 1539 721 1627 pertimescendos.
761 1543 852 1608 Haec
859 1589 871 1622 ,
892 1542 945 1610 nist
965 1559 1016 1606 me
1028 1541 1124 1606 vehe-

103 1643 228 1694 menter
250 1625 334 1693 fallit
351 1627 488 1704 animus,
519 1626 682 1693 Ciceronis
700 1623 853 1690 sententia
872 1625 934 1692 est.
956 1625 1123 1708 quodmo-

100 1713 147 1798 gis
160 1713 301 1796 patebit,
325 1711 378 1777 abi
390 1710 510 1778 sublata
525 1725 617 1777 erunt
637 1712 759 1800 aliquot
772 1712 898 1786 menda,
921 1710 1127 1794 quaeadlruc.

97 1797 175 1864 huic
193 1797 268 1863 loco
283 1799 426 1862 tenebras
441 1793 632 1862 offirderunt.

145 1883 198 1948 Etr
223 1883 399 1950 Gallicanis
419 1881 609 1967 legionibus]
633 1879 771 1947 Emenda
795 1880 907 1947 elibto
926 1878 1121 1966 vetere,.Et
1159 1929 1164 1975 ,

108 1965 286 2034 Gallicanis
307 1969 492 2042 leniraillat.
514 1985 577 2031 non
602 1965 682 2030 enim
699 1966 796 2044 dicit,
819 1965 992 2032 exercitum
1011 1963 1121 2031 Catili·

104 2067 165 2116 nae
180 2049 249 2118 esse
265 2069 307 2118 ex
320 2049 490 2116 Gallicanis
506 2050 699 2136 legionibus3
720 2048 770 2116 scd
789 2067 994 2117 contemnere
1013 2047 1046 2114 se
1062 2047 1123 2116 Ca·

100 2136 210 2202 tilinae
231 2136 357 2219 copias,
380 2133 555 2221 legionibus
578 2131 767 2208 Gallicanis,
788 2135 819 2200 id
842 2135 904 2213 est,
926 2149 1056 2218 propter
1076 2135 1122 2198 le·

96 2221 212 2304 gionts
230 2219 427 2303 Gallicanas,
461 2217 650 2285 scultetum
669 2216 787 2284 auxilio
809 2220 966 2302 legionum
985 2215 1122 2282 Gallica-

98 2323 224 2369 narum.
247 2303 419 2372 Gallicanas
434 2321 536 2370 autem
552 2303 648 2383 dicit,
666 2318 702 2366 ut
718 2303 849 2387 opinor,
865 2302 984 2387 quaein
998 2299 1120 2380 Gallia,

95 2387 132 2475 in
158 2388 295 2454 hibernis
312 2389 478 2472 dispoirae
492 2386 606 2452 essent.

151 2475 196 2540 Et
210 2493 274 2537 can
288 2473 339 2538 lanc
357 2474 484 2548 leitila]
507 2472 588 2538 Dcle
604 2470 806 2554 particulam,
829 2489 911 2537 tum.
933 2465 1018 2536 abest
1034 2469 1117 2538 enim
1141 2515 1144 2522 ·

100 2577 120 2626 a
138 2557 300 2624 veteribus
318 2559 421 2638 libris,
443 2561 472 2623 oc
492 2556 609 2622 lenium
628 2557 812 2642 corrumpit.

145 2641 186 2734 Q.
206 2642 359 2728 Metellus
395 2641 481 2707 Missi
504 2641 572 2706 sunt
595 2657 781 2720 praetores,
806 2642 848 2734 Q.
876 2640 1042 2724 Pompeius
1057 2639 1122 2706 Ru·

96 2726 151 2793 fus
171 2727 332 2811 Capuam,
389 2724 566 2792 .Metcllus
586 2725 680 2792 Celer
698 2725 850 2810 inagnum
871 2724 1040 2790 Picenum:
1061 2727 1121 2790 lais-

97 2831 164 2896 quc
186 2811 391 2897 permissum,
423 2813 467 2874 uti
507 2831 550 2874 ,to
568 2827 735 2893 tempore,
754 2829 850 2892 atquc
867 2808 1009 2890 periculo
1031 2827 1119 2875 exer·

92 2899 197 2962 citum
216 2913 447 2980 compararent.
503 2913 557 2958 aec
575 2893 750 2960 Sallustius.
774 2893 921 2978 equibus
940 2891 1061 2959 constat
1077 2895 1118 2958 de

94 2981 246 3062 dcleflu,
268 3001 361 3064 quem
379 2979 486 3044 habuit
503 2978 654 3043 Meteilus
665 2979 694 3044 in
713 2979 849 3046 Piceno.
871 2977 911 3043 de
928 2974 1054 3044 Gallico
1068 2997 1120 3046 au·

14 3117 17 3124 .
96 3083 188 3143 tem,
209 3083 228 3130 e
247 3064 353 3131 Dione
370 3063 589 3148 cognoscitur:
611 3063 664 3147 qui
682 3079 802 3143 narrat,
824 3081 897 3129 cum
909 3061 1032 3128 senatus
1047 3081 1119 3148 pto·

96 3151 222 3215 vincias
235 3147 426 3214 decrevisset
442 3145 620 3214 consulibus
643 3145 886 3228 Macedoniam,
911 3147 941 3214 ἀ
962 3143 1117 3214 Galliam:

98 3236 318 3314 Ciceronique
339 3233 545 3310 Macedonia,
565 3249 645 3316 quae
660 3229 813 3298 luctofior
834 3249 915 3310 etat,
937 3230 1120 3317 obtigisset:

95 3319 293 3386 Ciceronem
317 3316 430 3403 sponte
450 3337 517 3382 eam
543 3315 731 3382 concesfisse
759 3317 797 3384 C.
819 3316 990 3396 'Antonio,
1011 3317 1117 3383 utho·
1212 3360 1214 3373 ·
1313 3321 1317 3331 '

98 3406 223 3470 minem
244 3421 358 3486 magno
380 3419 451 3466 aere
468 3403 592 3476 alieno,
616 3401 664 3466 ob
677 3401 771 3485 idque
790 3419 854 3467 non
871 3401 1005 3466 alienum
1030 3423 1047 3466 a
1070 3400 1117 3468 su·
1179 3467 1185 3473 ,

92 3487 241 3573 spiciooc
260 3487 514 3569 coniurationis,
539 3487 644 3552 oblata
665 3485 741 3550 lucri
762 3483 830 3564 spe,
854 3487 891 3550 ad
909 3486 1122 3571 bonaspartes

94 3575 286 3640 adduceret.
319 3591 356 3637 ac
373 3569 529 3654 ncipsum
549 3571 674 3656 quidem
702 3571 732 3636 in
757 3569 891 3636 Galliam
912 3568 1026 3651 ivisse,
1046 3569 1119 3651 scd,

96 3678 177 3724 cum
204 3658 260 3724 sibi
283 3655 457 3740 sumpsisset
481 3656 566 3720 urbis
590 3652 790 3734 custodiam,
819 3672 859 3718 eo
881 3655 923 3745 Q.
946 3652 1119 3724 Metellum

102 3739 236 3808 mifisie.
268 3741 378 3827 Atque
394 3741 457 3805 hoc
472 3739 534 3820 est,
556 3738 641 3823 quod
662 3739 779 3804 Cicero
794 3754 857 3804 tam
868 3736 990 3820 saepea
1004 3739 1035 3806 se
1046 3761 1122 3828 pro.

96 3826 242 3892 vinciam
255 3826 332 3910 reip.
355 3823 460 3891 caussa
476 3823 722 3910 praetermissam
737 3821 856 3903 fuisse,
872 3823 983 3905 instat.

138 3913 197 3978 Ee
212 3908 262 3976 itis
282 3912 399 3996 copiis]
423 3909 470 3976 Ita
494 3909 587 3974 etiam
614 3907 644 3973 in
677 3909 839 3975 ueteribus
865 3908 988 3992 legitur.
1019 3923 1125 3994 neque

73 4011 205 4070 nmen
225 3995 359 4080 dubito,
380 3995 455 4084 quin
471 3993 533 4084 legi
546 3993 682 4078 debeat,
697 3994 757 4153 ὄῑε
773 3993 822 4058 lis
838 3997 946 4082 copiis.
1034 4075 1075 4178 2

737 4095 801 4166 05
834 4137 837 4146 r
1069 4093 1125 4148 uae
