2802 4920
1098 359 1168 474 5³5*

1152 513 1167 526 Α

1165 531 1168 542 Ι

1123 705 1128 712 ι

183 545 254 648 ru.
306 531 699 699 auxenti
756 537 1115 650 muneri

595 775 693 828 ln
755 808 757 814 ,

130 928 623 1025 unounnuunr
680 928 1160 1076 Moeuurcunr,

148 1143 152 1150 ·
197 1141 227 1192 a.
266 1137 300 1188 v.
329 1132 543 1204 Qunxrna
580 1132 824 1184 ornaturus
856 1133 904 1184 rra
933 1129 1106 1185 ena-tut·

434 1231 530 1282 nant
576 1206 861 1282 rixaernnaro.

131 1415 184 1522 ff
319 1415 397 1514 {m
419 1395 722 1483 praemiis-tantum,
743 1393 937 1472 Mecenice,
969 1397 1001 1465 dc
1024 1397 1061 1464 iis
1080 1413 1167 1484 prae·

363 1477 482 1564 'miis,
503 1483 534 1548 in
558 1479 674 1564 quibus
698 1480 896 1566 praecipuam
919 1477 1083 1548 felicitatis
1098 1500 1169 1566 par·

396 1582 461 1633 tem
481 1565 619 1651 vulgarit
631 1564 742 1649 opinio
753 1563 918 1632 constituit
925 1614 938 1648 ,
957 1567 1087 1634 adhene
1104 1583 1169 1632 rne-

398 1649 527 1720 tendum
554 1649 596 1715 de
621 1647 759 1716 humano
783 1665 899 1735 genere
916 1650 1085 1736 praelianti
1109 1650 1168 1718 ho·

55 1748 74 1804 ‘t
398 1739 497 1802 mines
518 1733 646 1821 ingenio
674 1733 927 1802 adducerentur:
955 1736 1076 1804 multos
1090 1781 1102 1817 ‚
1131 1747 1170 1800 ue

62 1853 75 1877 ν
134 1789 190 1892 Ἀ
323 1787 373 1889 A?
398 1821 538 1905 opinor,
567 1821 725 1900 decute,
749 1820 790 1885 ab
811 1817 955 1886 instituto
970 1821 1099 1900 virtutis
1114 1819 1169 1886 iti·

10 1904 45 1952 s
138 1922 217 1974 nere
244 1904 456 1972 animadversa
482 1902 676 1990 superiorum
702 1917 840 1971 aetatum
866 1907 1011 1992 exempla
1035 1923 1170 1974 revoca¹

133 2005 229 2059 rent.
250 1987 362 2057 namsi
387 1991 541 2076 replicare
561 1987 745 2054 memoriam
764 2005 966 2076 tempotum,
985 1993 1018 2060 dt
1034 1987 1171 2076 antiqui·

137 2076 214 2142 tatis
246 2091 453 2142 monumenta
483 2089 636 2140 excutere
667 2073 835 2154 velimut;
876 2074 1172 2159 deprehendemus,

136 2175 325 2244 unaquaque
346 2159 378 2226 in
402 2177 471 2246 rep.
496 2156 661 2238 euasere,
682 2175 817 2243 quorum
834 2157 968 2242 plurima
981 2161 1014 2228 in
1031 2179 1100 2228 eam
1115 2177 1171 2225 ex-

139 2244 272 2324 tabant,
297 2245 497 2330 tnaximaque
518 2241 700 2322 beneficia,
729 2242 817 2309 omni
841 2242 960 2310 scelere
985 2243 1168 2323 laceratos,

40 2341 45 2352 ·
141 2325 232 2394 ornni
251 2327 438 2396 crudelitate
454 2343 619 2414 raptatos,
639 2327 727 2394 omni
751 2323 931 2396 acerbitatis
946 2343 1063 2414 genere
1076 2328 1167 2394 dive·

138 2427 234 2482 statos
255 2409 371 2480 fuisse.
399 2414 484 2498 quod
511 2411 654 2500 quamvis
674 2413 717 2478 ita
738 2410 936 2496 exploratum
962 2413 1006 2480 est
1034 2415 1065 2482 de
1090 2413 1168 2491 tibi,

140 2499 173 2566 dt
198 2497 234 2564 iit
254 2498 421 2579 omnibus,
450 2497 504 2582 qui
532 2515 647 2582 operae
671 2497 789 2582 aliquid
805 2499 834 2562 ln
847 2497 1043 2582 antiquitatis
1056 2497 1167 2582 cogni·

138 2583 230 2649 tione
249 2579 441 2665 posuerunt,
462 2583 517 2648 vix
535 2599 570 2660 ut
594 2581 843 2650 confirmationis
862 2581 1017 2668 indigeat:
1038 2596 1167 2661 tamen,

136 2684 196 2746 ut,
219 2665 395 2749 iiquaesse
411 2665 535 2752 potest,
554 2666 711 2732 dubitatio
726 2667 899 2744 eximatur,
925 2670 1066 2752 aliquot,
1086 2683 1167 2750 quae
1238 2739 1240 2746 y

139 2752 218 2818 mihi
239 2768 324 2819 nune
342 2751 375 2818 in
396 2767 535 2818 mentem
552 2753 703 2831 veniunt,
724 2750 851 2818 illustria
869 2753 935 2834 eius
955 2753 1000 2820 rei
1019 2751 1164 2836 exempla

138 2835 313 2920 subjiciam.
351 2837 474 2904 Primae
500 2850 605 2922 autem
631 2837 661 2902 in
689 2835 747 2901 hac
772 2836 968 2920 cogitatione
993 2849 1167 2904 occurrunt
1205 2885 1207 2890 .

139 2921 214 2990 illae
235 2917 378 2988 omnium
397 2919 616 2988 laudandarum
633 2922 766 3000 artium,
788 2920 880 3004 ipius
906 2941 946 2986 ue
964 2923 1045 2988 adeo
1060 2921 1168 2986 hunta-

141 3005 251 3075 nitatis
269 3019 434 3090 parentes,
453 3003 615 3072 Athenae:
637 3024 729 3088 qttum
745 2941 992 3088 optimisffiudiis
1006 3007 1166 3084 deditam,

141 3089 292 3158 refertam
312 3089 449 3167 assidue,
476 3107 592 3174 arque,
612 3104 648 3154 ut
670 3090 712 3154 ita
740 3089 893 3166 dixerim,
918 3089 1040 3158 foetam
1064 3089 1168 3156 erudi·

140 3175 266 3244 tisiimis
289 3173 469 3242 hominibus
492 3173 656 3241 civitatem
681 3175 732 3239 cui
749 3193 885 3258 unquam
900 3175 1059 3261 indgniter
1079 3178 1166 3256 adju·

138 3277 233 3332 vare,
260 3259 390 3342 impune
417 3258 542 3326 licuit?
566 3275 630 3324 non
662 3256 714 3323 illa
737 3257 943 3340 Miltiadem,
975 3261 1168 3336 Cimonem,

138 3339 414 3422 Themistoclem,
445 3339 632 3424 Aristidem,
658 3340 869 3424 Aeschinem,
898 3345 1169 3422 Demosthenem,

138 3447 276 3514 quorum
294 3429 436 3497 omnium
458 3427 585 3494 summis
609 3441 675 3492 erat
701 3424 752 3493 uia
773 3427 959 3507 beneficiis,
983 3429 1163 3497 inexilium

138 3507 292 3598 pepulit?
320 3531 384 3580 non
410 3513 488 3580 illud
513 3512 700 3598 probitatis,
730 3511 920 3592 modestiae,
950 3514 1168 3602 integritatis,

139 3595 310 3684 sapientiae
326 3595 504 3682 specimen,
518 3599 682 3666 Socratem
699 3615 823 3664 veneno
838 3597 994 3666 necavit?
1010 3603 1041 3667 dr
1052 3597 1167 3666 conili-

141 3697 215 3750 tuto
232 3682 380 3750 adverius
400 3681 534 3768 impios,
556 3699 594 3747 ac
616 3699 713 3766 prave
731 3682 880 3749 derebus
898 3683 1013 3752 divinis
1033 3683 1169 3752 sentien-

140 3781 190 3834 tes
205 3766 361 3852 supplicio
379 3785 451 3834 eum
465 3765 626 3854 potishme
640 3763 769 3842 affecit,
792 3769 844 3854 qui
860 3783 942 3836 unus
959 3787 1002 3838 ex
1018 3770 1167 3838 omnibus

139 3853 183 3920 ad
199 3869 304 3919 veram
329 3851 615 3939 delcognitionern
638 3850 783 3937 proxime
803 3852 1003 3920 accesserat?
1026 3854 1078 3922 sed
1101 3851 1169 3918 Ro·

139 3955 234 4006 nnana
256 3934 337 4022 resp.
363 3954 484 4036 quanto
514 3951 638 4001 ceteras
663 3954 774 4002 omnes
793 3939 1009 4023 magnitudine
1032 3939 1169 4016 virium,

138 4036 239 4104 atque
264 4021 385 4106 imperit
411 4019 616 4106 amplitudine
642 4021 819 4106 superavit3
840 4037 932 4090 tanto
948 4025 1097 4108 majorem
1116 4040 1174 4092 no·

137 4107 213 4190 liis,
243 4123 341 4202 atque
360 4109 545 4202 ampliorem
561 4104 652 4194 hujus
670 4107 793 4202 generis
810 4107 1029 4196 exemplorum
1047 4107 1181 4264 mpsissff.
1189 4132 1199 4140 ·
