2774 4900
250 313 313 398 pm
475 299 531 367 M
603 295 647 368 m
724 291 1081 368 Munere

256 467 305 532 ios
319 461 430 532 italiae
444 457 512 526 esse
527 451 668 525 constat.
689 451 798 538 itaque
812 451 890 520 nihil
909 452 1025 536 muno,
1048 474 1106 524 cur
1128 475 1278 532 veterem

249 551 433 634 scripturam
446 556 567 608 mutare
579 553 745 622 oporteat.
767 555 831 603 non
848 538 952 620 enim,
973 539 1052 607 side
1064 541 1129 608 hoc
1140 541 1280 629 Asinio,

249 635 303 720 qui
315 629 517 698 Marrucinus
535 623 657 702 fuerit,
680 619 757 688 nihil
782 620 856 687 alibi
871 624 1032 708 proditum
1045 625 1118 708 est,
1151 629 1277 697 iccirco

249 740 268 785 a
296 733 436 782 veterum
457 713 609 778 librorum
638 705 701 774 fide
723 706 830 771 recedi
851 725 906 791 pat
925 705 980 774 est.
1026 711 1193 799 Saisurn,]
1223 735 1275 780 ur.

248 797 374 869 bairum.
421 794 518 878 Fugit
534 791 607 890 te,]
630 809 723 857 erras.
740 795 886 881 Quereris
890 789 1020 876 sordida
1028 793 1062 882 ,]
1086 796 1200 880 idest,
1223 800 1280 866 sd.
1372 837 1373 840 =

249 885 378 954 modum
397 881 530 950 sordida.
568 879 622 946 Sic
636 875 766 942 Plautus
781 873 1021 962 Menaechmis,

334 1055 418 1120 Solet
436 1051 540 1139 jurari
553 1011 647 1132 ¹saepe
669 1063 780 1109 mecum
803 1045 858 1110 iilo
879 1045 981 1112 motio:

250 1191 254 1198 .
331 1139 482 1230 Quamuis
502 1133 652 1200 ridiculus
671 1127 736 1216 esi,
754 1131 809 1196 uiri
830 1150 908 1198 texor
926 1151 985 1196 non
1004 1129 1099 1218 adesi·

247 1309 281 1376 id
297 1303 361 1388 est,
384 1305 461 1374 nihil
484 1321 524 1370 eo
542 1301 639 1380 magis
652 1299 817 1366 ridiculum
832 1317 873 1366 ne
896 1298 1000 1384 optari
1015 1301 1144 1384 quidem
1158 1305 1272 1389 potest.

250 1394 329 1548 guo
357 1409 463 1458 autem
488 1385 568 1451 vitio
591 1398 721 1452 notatur
742 1384 796 1449 hic
819 1375 963 1482 Atinius,
983 1385 1099 1454 eodem
1121 1389 1278 1460 Martialis

287 1493 486 1564 ermogenem
508 1469 663 1556 quendam
676 1484 788 1552 notat,
810 1467 929 1555 dequo
945 1467 1136 1556 rtascribit,

291 1645 346 1714 Aa
362 1661 464 1708 cenum
485 1639 691 1724 Hermogenes
707 1649 847 1722 mappam
861 1657 921 1704 nan
941 1639 1051 1706 attulit
1070 1599 1229 1730 tanquan:

333 1731 365 1796 Δ
387 1746 459 1792 cena
480 1723 594 1811 seraper
613 1723 737 1788 rettulit
761 1719 983 1810 Hermogenes.

295 1891 457 1978 Mutum]
481 1891 514 1957 id
530 1885 593 1970 est,
614 1887 668 1974 qui
683 1888 726 1956 ait
739 1905 857 1974 cupere
871 1889 903 1954 se
917 1885 1003 1956 furta
1022 1907 1073 1958 tua
1086 1893 1138 1958 vei
1145 1893 1272 1962 triento

249 1981 413 2051 redimere.
451 1975 581 2044 Mutare
606 1989 732 2054 autem,
751 1993 820 2056 pro
839 1975 985 2060 eoquod
1006 1975 1048 2042 est
1062 1995 1182 2057 emere,
1209 1995 1271 2044 aut

251 2064 416 2144 vendere,
447 2058 566 2144 antiqui
592 2054 683 2142 saepe
702 2057 859 2126 dicebant.
912 2057 1112 2128 Columella.-
1150 2059 1270 2128 Petrus

252 2151 454 2220 sustentasse
473 2143 633 2210 mutandus
653 2141 706 2228 est.
751 2143 850 2228 quue
877 2139 1070 2213 Graecorum
1091 2147 1275 2230 exetano,

131 2283 136 2300 .
252 2235 337 2323 apud
359 2247 440 2319 quos
467 2231 556 2313 saepe
581 2225 643 2293 hoc
664 2227 734 2326 ipsu
748 2227 846 2294 modo
867 2227 997 2311 ponitur
1012 2231 1146 2298 verbum
1171 2233 1273 2294 αἰει-

254 2328 352 2386 neu.
376 2337 416 2384 eo
431 2331 535 2382 autem
551 2311 583 2378 id
597 2311 655 2394 fit,
677 2332 750 2396 quta
766 2313 974 2396 antiquissima
989 2316 1072 2382 ratio
1087 2316 1278 2384 contrairen-

251 2407 313 2486 di,
343 2419 380 2470 ut
406 2397 611 2478 Aristoteles,
633 2397 663 2463 dt
682 2393 892 2482 jurisconsulti
914 2396 1059 2482 docent,
1081 2403 1275 2485 permutatio

250 2487 316 2558 est.
345 2487 423 2574 quin
440 2483 540 2572 ipsum
557 2487 791 2566 permutationis
810 2499 927 2550 nomen
948 2502 1121 2552 commune
1140 2485 1187 2552 est
1207 2503 1275 2552 om·

252 2574 372 2653 nibus,
403 2585 440 2635 ut
457 2568 632 2720 prudentes
656 2563 852 2650 loquuntur,
881 2567 1123 2638 commatribus.
1153 2589 1274 2638 tantum

250 2659 337 2727 enim
356 2655 441 2721 vaiet
486 2653 569 2718 atine
582 2656 786 2733 permutatio,
808 2667 958 2736 quantum
987 2653 1153 2722 Aristoteli
1171 2657 1276 2720 ruis·

253 2762 366 2818 suum.
389 2739 526 2821 ideoque
541 2749 720 2826 numeratur
740 2735 821 2800 inter
841 2752 898 2802 ons
918 2739 1131 2819 contractus,
1160 2743 1275 2827 quibus

273 2825 412 2909 roprium
429 2838 545 2888 nomen
560 2817 693 2884 inditum
707 2837 770 2885 non
793 2817 848 2888 est.
891 2822 953 2889 Sed
967 2822 1003 2888 iis
1016 2823 1166 2891 derebus
1187 2839 1273 2892 ano·

250 2845 303 2978 dis
328 2905 475 2990 &magis
499 2902 557 2969 suo
579 2901 683 2983 loco,
718 2903 750 2969 dt
769 2903 928 2988 copiosius
953 2906 1147 2994 disputatum
1171 2905 1218 2974 est
1240 2909 1274 2975 in

252 2989 514 3070 commentariis,
544 2985 683 3085 quosnin
732 2986 1064 3060 uintumEthicorum
1084 2989 1273 3078 scripsimus.

253 3075 399 3162 Disertus
418 3071 527 3158 putu]
550 3089 581 3137 m
599 3070 685 3151 aius,
745 3069 853 3158 affertur
868 3075 977 3159 pareri
1001 3076 1097 3156 mihi,
1131 3077 1188 3144 etii
1209 3097 1273 3144 non

254 3163 321 3232 sum
339 3157 479 3237 nescius,
495 3168 616 3241 patrem
629 3157 763 3240 leporum
774 3177 809 3222 ac
816 3155 1028 3242 facetiarum,
1044 3160 1276 3232 [atineadmo-

150 3249 153 3263 '
252 3249 327 3328 dum
350 3243 430 3316 dici,
452 3243 638 3319 duramen,
660 3239 815 3326 disertus,
834 3261 907 3310 cum
921 3247 1088 3332 generandi
1109 3247 1210 3328 casu,
1230 3249 1274 3312 ita

120 3370 124 3382 ·
250 3349 352 3398 rarum
373 3325 467 3408 esse,
498 3341 533 3389 ut
548 3321 683 3390 sortasse
697 3324 752 3392 vir
776 3344 904 3411 usquam
919 3331 992 3398 aiibi
1007 3334 1147 3418 legatur,
1169 3347 1276 3398 tamen

249 3415 437 3494 nescioquo
454 3409 552 3476 modo
577 3409 661 3488 prius
683 3409 758 3476 illud
780 3411 939 3481 venusinae
961 3418 1100 3484 videtur.
1143 3416 1278 3484 Sudoria

247 3499 356 3598 jetaba
368 3497 404 3650 ,A
432 3516 471 3595 err
488 3494 552 3561 lino
568 3492 695 3573 setabo,
716 3495 976 3581 quotoptimum
992 3497 1188 3589 inHispania
1210 3519 1276 3568 cte·

252 3583 369 3690 scitari
406 3599 515 3650 uarum
534 3579 760 3648 Tarraconem.
862 3665 871 3672 ι
