2800 4892
247 311 309 418 ³³?
456 298 510 368 M.
575 291 1071 408 „45‚M¹¹,2.².T1

250 464 493 542 lius,‚omentenr
506 456 604 550 animi
619 453 783 524 Didonem.
825 451 1031 542 alloquere]
1051 433 1284 528 recendente

253 547 366 615 mortio
391 541 573 620 fraternae,
612 543 734 606 tantum
755 537 904 606 'dolorem
932 540 1038 608 animo
1062 539 1183 619 sentit,
1215 561 1278 618 uc.

254 634 319 716 ejus
335 625 566 712 magnitudine,
586 643 642 709 per
658 626 780 710 aliquot
792 623 900 690 versus
912 623 1093 690 ‘abducatur
1110 645 1128 692 a
1150 643 1189 691 re
1204 643 1267 711 pro

251 717 358 803 polita.
404 707 583 792 Dourion]
601 707 707 775 fabula
729 727 767 776 ex
788 709 911 776 Ouidio
933 723 1008 774 nota
1034 709 1090 776 eil.
1138 711 1186 774 Ur
1207 717 1281 776 mir·

246 805 313 888 sum
332 797 348 880 ]
368 809 518 878 nepotes
536 795 685 879 tuatiit'la
701 795 743 858 ita
758 804 796 860 cit
819 813 891 858 meo
912 794 1019 860 animo
1038 791 1220 876 effluxisse,
1246 810 1282 861 ut

254 884 366 970 malurn
382 881 534 962 egrenrio
553 876 681 966 virginis
696 878 783 944 lolct.
828 875 977 964 Sponfi‚]
1023 881 1108 959 roci,
1132 897 1168 942 ut
1190 881 1276 964 apud

252 961 452 1044 Horatium,
483 961 585 1046 Sponfi
615 965 789 1046 Penelopes.
832 965 863 1044 li,
880 893 1023 1047 grentio}
1050 981 1103 1026 rtet
1125 965 1279 1045 mulieri,

251 1072 303 1116 neu
323 1055 438 1135 grerrrr'u
455 1051 536 1113 credt
551 1059 705 1130 oportere,
747 1047 919 1112 rorerliuor
931 1045 969 1132 est
981 1055 997 1114 τ’
1013 1048 1092 1132 quoe
1104 1047 1141 1120 Εἰ
1158 1051 1216 1115 illo
1233 1055 1282 1114 in·

252 1143 327 1200 terli
351 1135 388 1205 δ’
412 1133 605 1200 irrisorem·
631 1125 671 1216 efl
683 1153 696 1206 ,·
720 1063 758 1204 si
783 1133 949 1216 plerunque
970 1135 1137 1206 ingranno
1155 1129 1279 1284 ἒιὲβᾶα,

1235 1235 1281 1282 ua.

253 1241 319 1289 turn
329 1221 363 1284 in
378 1220 557 1306 oblivionem
575 1221 710 1282 uenerint
726 1223 960 1300 emergentium,
980 1215 1136 1284 decidunt.

239 1397 243 1406 ’
360 1388 435 1522 or
490 1392 682 1466 cumn
744 1391 1171 1467 annanrcaa

245 1573 261 1649 ζ
302 1560 416 1626 Omnia
434 1557 494 1642 ¹qni
511 1551 706 1640 magnilli
734 1549 916 1620 Callimachi
943 1555 1101 1634 carmina,
1131 1555 1281 1642 equibus

192 1645 196 1654 ’
243 1631 502 1729 jhnccexpressa
525 1637 614 1720 lunt,
640 1635 759 1702 adnot
783 1635 1021 1725 pervenisseut3
1054 1659 1158 1725 neque
1184 1645 1213 1708 in
1236 1639 1281 1704 his

243 1727 468 1812 'intelligendis
491 1723 719 1802 laboraremus,
747 1723 778 1788 dc
801 1739 839 1787 ex
858 1724 1017 1806 duorum,
1048 1724 1098 1790 sua
1118 1727 1282 1810 utriusque

259 1817 383 1901 lingua,
405 1809 597 1895 optimorum
619 1811 786 1892 poetarum
805 1807 996 1890 collatione,
1017 1809 1164 1894 infignem
1185 1827 1283 1894 quan·

159 1951 161 1963 .
264 1901 356 1976 dam,
377 1897 562 1978 plenamque
585 1891 727 1954 utilitatis
740 1907 924 1974 caperemus
941 1893 1042 1958 animo
1059 1893 1282 1976 voluptatem.

245 1985 250 1994 ’
261 1989 386 2068 juvaret
407 1975 529 2042 Graeca
542 1993 614 2040 cum
632 1973 752 2040 Latinis
767 1989 980 2064 componere,
1000 1975 1048 2044 ins
1062 1977 1145 2042 icere
1157 1993 1225 2044 mon
1245 1979 1279 2042 in

259 2064 384 2150 lingulis
404 2062 501 2128 modo
517 2059 671 2137 vocibus,
693 2058 747 2124 sed
766 2062 797 2126 in
814 2058 921 2146 figuris
938 2063 1029 2129 etiam
1042 1995 1279 2146 luminibusque

262 2148 414 2220 orationis
423 2195 434 2230 ,
455 2149 486 2212 in
508 2142 571 2228 ipsa
584 2143 707 2209 ratione
721 2163 944 2224 numerorum,
963 2165 999 2212 ac
1014 2147 1147 2231 denique
1161 2147 1283 2214 intuta

261 2233 413 2305 structura
429 2230 604 2317 poematis,
624 2246 716 2314 quam
731 2245 805 2380 apte
822 2229 852 2296 dt
871 2227 1006 2296 scienter
1018 2231 1132 2297 Graeci
1147 2237 1283 2316 poetae,

265 2320 379 2390 innoc
400 2335 515 2402 genere
537 2313 617 2378 inter
640 2311 714 2378 suos
755 2311 835 2379 acilc
853 2313 966 2398 primi,
986 2315 1051 2384 vim
1065 2333 1102 2382 ac
1116 2315 1280 2402 leporem,

262 2405 449 2476 latinorum
471 2405 636 2485 poetarum
660 2396 724 2464 fine
743 2397 960 2466 controverfia
981 2399 1187 2485 politisfimua
1203 2397 1286 2468 asse·

249 2505 356 2560 ‘cutus
379 2483 502 2554 fuisset.
543 2479 647 2575 Quam
668 2481 929 2550 commoditatem
949 2484 1077 2568 quando
1101 2483 1282 2554 orclatum

265 2574 379 2655 nobis,
400 2571 465 2640 five
483 2586 548 2654 quo
563 2567 626 2632 alio
644 2567 772 2634 nomine
788 2565 935 2666 appellari
948 2565 1054 2666 placet
1072 2569 1172 2651 illud,
1195 2569 1285 2656 quid·

135 2661 139 2673 “
262 2653 417 2748 quidest,
438 2654 524 2740 quod
538 2655 569 2720 in
584 2651 632 2716 hia
648 2652 741 2718 rebus
755 2651 864 2730 ualet,
890 2669 1022 2737 errpurt3
1044 2653 1189 2740 illudque
1199 2671 1285 2740 prae.

265 2757 352 2812 terea
368 2739 497 2806 accessit
513 2733 603 2818 mali,
625 2750 661 2800 ut
677 2735 724 2802 his
736 2753 885 2836 quoque,
906 2735 984 2805 ocur
1004 2740 1141 2821 ceteris,
1166 2737 1283 2808 Catulli

262 2827 403 2896 versibus
422 2823 513 2888 valde
535 2839 582 2886 ma
627 2837 675 2886 am
693 2821 794 2888 labem
815 2822 993 2906 importarlt
1011 2821 1171 2890 uetustae:
1195 2821 1284 2910 spero

262 2911 428 2998 equidem,
448 2907 480 2976 io
496 2906 542 2973 his
551 2905 582 2971 di
620 2903 811 2989 cultoribus,
825 2922 946 2991 quanto
960 2903 1086 2974 facilior
1101 2906 1285 2994 lapsuaest.

224 3067 228 3078 ,
262 3012 354 3066 tanto
376 2992 471 3072 milri,
491 2989 589 3058 licubi
604 2985 789 3069 offendero,
806 2986 993 3076 paratiorem
1011 2991 1094 3080 apud
1110 2991 1217 3061 bonos
1232 3012 1288 3058 ue·

262 3083 346 3150 niam
359 3075 442 3144 fore.
485 3073 589 3157 liujus
613 3088 718 3142 autem
738 3075 969 3162 poematiahoc
982 3073 1051 3144 fere
1068 3095 1287 3164 argumentum

263 3163 319 3234 est.
358 3161 559 3233 Ptolemaeus
577 3177 793 3244 cognomento
816 3159 992 3246 Euergetes
1013 3163 1213 3243 Berenicen,
1234 3161 1289 3230 seu

264 3247 460 3338 Berenicen,
489 3245 653 3342 (utroque
678 3245 761 3312 enim
787 3243 885 3311 modo
907 3263 1025 3314 nomen
1049 3245 1113 3313 hoc
1135 3245 1288 3332 scriptum

263 3327 1289 3490 mffimfflwu

266 3500 452 3588 coniunctio
473 3461 634 3568 inhonesta
650 3499 882 3588 Aegyptiorum
900 3463 1021 3586 legions
1037 3434 1233 3568 fflbebatur.
1254 3518 1288 3566 ea

265 3607 376 3662 recena
395 3585 506 3666 droa,
534 3583 691 3668 contigit,
714 3601 750 3653 ut
772 3583 1006 3668 expeditionem
1030 3581 1181 3652 adversus
1198 3583 1292 3734 Ari}-

267 3680 332 3746 rios
361 3671 548 3740 susciperet.
581 3673 610 3736 in
660 3689 730 3737 uam
754 3686 827 3734 cum
857 3667 1128 3752 proficisceretur,
1163 3673 1290 3736 vovise

189 3775 194 3798 “·
268 3763 386 3830 crinem
407 3753 494 3821 suum
516 3753 630 3820 Veneri
710 3753 801 3820 enice
818 3749 955 3828 dicitur.
975 3753 996 3821 sr
1014 3753 1070 3820 libi
1085 3753 1135 3818 vir
1157 3753 1232 3820 suus
1246 3751 1289 3819 so·

268 3848 362 3934 spes,
398 3841 565 3921 victorque
593 3837 709 3904 rediret
732 3837 879 3904 domum.
906 3839 995 3920 cujus
1016 3837 1204 3906 devotionis
1224 3835 1290 3904 l‘uoe

271 3951 362 4009 cum,
382 3944 416 3995 re
430 3921 588 4009 praeclare
608 3941 626 3988 a
648 3923 835 3995 Ptolemaeo
848 3921 933 4006 gesta
942 3970 954 4006 ‚
972 3921 1153 3990 convidlam
1169 3922 1204 3990 se
1216 3919 1295 4020 jndi-

1242 4021 1296 4070 cro
