2742 4894
130 390 135 400 1
218 311 268 362 rsa
326 292 511 362 Crcssotus
546 292 766 398 ¹Prusrrrrcus
803 293 967 368 Senout-
1050 305 1118 398 9⁸3.

77 449 166 522 Nec
202 451 328 518 esurus
348 469 402 518 nec
421 461 506 518 tusus
528 453 690 548 quisquam
711 447 773 536 esse
786 457 905 520 omnino
915 451 1034 555 potest]
1057 454 1109 533 Its

41 533 190 618 conjeci
211 535 397 622 legendum
412 553 431 600 e
445 534 621 632 depravatu
634 536 750 602 veteris
765 535 935 622 scripturae
950 537 1108 626 vestigiis:

32 641 128 710 quae
153 639 379 706 proponam:
401 619 423 687 si
442 638 512 706 quis
527 618 616 686 forte
634 639 675 688 ex
689 620 726 686 iis
739 620 842 688 verius
858 621 974 708 aliquid
994 641 1105 692 eruere

27 707 156 796 possit.
200 707 324 774 Sunti
347 705 409 772 itur
425 703 518 771 haec:
539 703 610 770 Nec
627 705 729 792 clarus
747 723 800 769 ιιιι
817 705 921 774 unius
958 713 1100 796 utiquam

28 799 94 878 csse
122 793 224 888 omni
242 723 411 890 pqtefiqte.
457 787 507 856 Ac
532 787 602 886 sieri
629 787 708 886 sane.
723 785 849 873 potest,
876 805 911 856 ut
935 727 976 862 ge
998 794 1102 861 tribus

50 875 236 946 ostretms
262 873 381 942 httetrs
403 873 482 940 duae
499 891 620 960 priores
638 870 848 959 appingendae
866 873 925 944 sant
940 877 1096 964 principio

22 897 562 1116 {queatisdtccomprehenfionu
592 957 656 1026 hoc
678 959 792 1026 modo:
823 959 870 1024 Αι
895 964 1003 1046 popuii
1027 968 1100 1050 qui-

48 1069 103 1113 em
173 1093 186 1114 .
284 1093 308 1112 ..
495 1089 498 1096 -

74 1131 185 1226 Qict
213 1128 336 1214 popuii
356 1125 508 1216 versuti]
533 1125 640 1196 Nimis
659 1125 808 1212 profecto
828 1129 972 1198 audaiier
990 1115 1098 1209 eostu-

29 1228 162 1304 ptrant
184 1211 290 1282 hunc
309 1213 438 1295 iocum,
465 1213 519 1299 qui
539 1229 600 1299 pro
623 1210 748 1298 stersus,
772 1211 953 1299 scripserant
972 1233 1097 1282 concur.

23 1299 110 1388 ses.
137 1317 163 1366 n
219 1315 271 1363 ue
289 1297 373 1364 enim
390 1298 535 1382 cuiquam
548 1295 676 1382 paulum
700 1297 798 1364 modo
816 1297 943 1384 versato
960 1299 992 1365 in
1005 1316 1096 1366 vete-

30 1387 132 1452 ribus
155 1379 199 1452 hi
234 1381 316 1448 oriis
331 1379 498 1448 obscurum
515 1381 583 1450 esse
594 1379 718 1466 potest,
740 1383 1007 1466 quemadmodum
1018 1383 1099 1450 olim

32 1467 199 1557 populus
218 1463 338 1532 subitis
356 1467 387 1534 ἂ
407 1463 483 1532 susis
500 1482 540 1533 ex
555 1481 701 1550 tempore
715 1466 855 1536 versibus
868 1468 1006 1538 animum
1025 1485 1100 1554 erge

35 1574 91 1624 ma
116 1571 191 1620 nos
210 1550 309 1618 viros
324 1549 412 1617 suum
429 1548 541 1616 testari
552 1545 677 1616 soleret.

83 1573 167 1733 Epi
197 1637 260 1701 itis
284 1635 364 1700 sudis
412 1634 486 1702 Sive
503 1633 567 1700 hoc
588 1653 606 1700 a
623 1651 692 1715 me,
713 1633 778 1702 sive
797 1652 814 1700 a
832 1634 963 1703 librariis
981 1650 1097 1721 pecca.

35 1739 116 1875 {egri
145 1718 202 1872 εἰῇ
212 1718 317 1870 ,Ἔίεςί
334 1717 355 1784 d
416 1733 454 1800 t,
474 1715 542 1812 Qui
554 1713 624 1806 suis
647 1718 746 1786 sudis.
763 1719 795 1787 ἀ
811 1717 857 1786 ita
876 1721 908 1790 in
932 1720 1095 1789 veteribus

223 1823 304 1870 tur.

50 1829 57 1874 ¹
87 1823 286 1960 ΓΊιέινίἱῗὲειιι
306 1881 445 1986 absenti]
485 1885 534 1954 ita
558 1888 589 1954 in
618 1885 674 1953 illo
698 1887 838 1956 omnium
859 1887 983 1974 optimo
1011 1883 1096 1956 libro

41 1977 220 2062 scriptum
250 1990 372 2058 repert,
407 1969 438 2036 ἃ
462 1970 589 2055 postea,
618 1973 749 2037 leniret:
779 1989 862 2052 non,
895 1974 984 2040 utin
1007 1973 1095 2054 aliis,

45 2064 244 2138 tribuerit,
268 2060 321 2134 ἃ,
342 2054 485 2119 lenierit.
508 2053 561 2138 qui
581 2069 687 2121 autem
707 2052 824 2120 habent
845 2075 933 2122 aures
950 2058 1096 2124 oratoriis

46 2144 209 2212 numeris
237 2138 403 2230 assuetas,¹
419 2153 483 2202 non
503 2135 662 2220 ambigerat
668 2182 680 2217 ,
709 2150 783 2202 utto
803 2139 899 2204 modo
918 2139 1094 2207 molliusue

46 2227 193 2296 suavius
216 2221 309 2289 eadat
322 2233 437 2285 oratio,

96 2311 236 2404 Quibus
256 2303 296 2388 tsi
313 2301 378 2389 ipse
394 2301 589 2388 turisfimus]
611 2299 754 2376 vocem.
774 2299 861 2404 ‘'Psip
881 2303 967 2371 delet
986 2305 1095 2372 Ferra-
1144 2333 1149 2354 ·

1 2396 144 2463 rius:
171 2386 331 2478 idque'se
352 2384 461 2453 facere
477 2388 541 2464 ait,
565 2387 710 2453 omnibus
730 2403 865 2472 antiquis
878 2389 964 2454 libris
979 2391 1088 2456 auiio·
1181 2445 1192 2476 ,
1326 2453 1328 2462 ,

48 2481 171 2549 ribus.
198 2493 263 2561 ego
279 2491 347 2538 eam
364 2470 394 2538 in
411 2469 486 2548 illo,
508 2471 562 2556 qui
575 2469 650 2538 mihi
663 2471 727 2538 dux
742 2467 805 2536 fuit
823 2471 861 2538 ad
876 2471 968 2540 hasce
982 2490 1091 2542 emen·

53 2565 236 2642 dationes,
253 2558 373 2643 reperi:
395 2573 498 2642 neque
515 2555 684 2622 tollendam
701 2554 850 2637 iudicavi.

254 2741 340 2792 rs
436 2695 758 2791 osse.
846 2717 911 2790 11.

57 2823 261 2984 Quonam
279 2906 341 2956 meo
351 2885 445 2974 fato]
465 2885 597 2955 Librarii
617 2907 724 2955 errore
742 2885 862 2956 fastum
878 2903 978 2975 puto,
1000 2905 1035 2958 ut
1054 2891 1088 2968 irs

56 2987 193 3070 optimo
209 2977 267 3044 illo
287 2975 389 3055 libre,
409 2991 468 3057 pre
504 2971 595 3056 sato,
611 2973 722 3056 fusio,
741 2973 872 3060 legatur.

98 3067 178 3132 Cum
200 3057 257 3142 ipfi
273 3019 490 3144 recordemini}
516 3057 730 3136 Vetusliber,
750 3060 969 3125 recordamini.
991 3059 1087 3144 idque

54 3168 172 3218 verum
203 3141 337 3212 censeo.
357 3141 401 3208 ita
417 3142 498 3208 enim
516 3137 608 3226 saepe
625 3142 764 3240 optimos
779 3141 838 3210 scri
863 3157 947 3208 tores
961 3141 1091 3210 locutos
1206 3149 1211 3164 '

59 3227 296 3304 animadverti.
318 3225 405 3310 quod
417 3240 524 3292 autem
536 3223 695 3292 Ferrarius
712 3227 826 3308 conjun
860 3227 903 3292 im
922 3227 1019 3314 legit,
1038 3247 1088 3293 νο·

59 3317 202 3408 hiscum,
223 3311 299 3380 mihi
317 3309 443 3396 quidem
466 3308 557 3376 nullo
577 3309 674 3376 modo
688 3309 849 3393 probatur.
1015 3353 1020 3360 -

106 3401 188 3472 Non
207 3399 332 3464 uirtutis
385 3393 421 3481 t]
444 3389 491 3460 Ita
501 3393 632 3474 melius,
652 3411 764 3478 quarn,
785 3409 820 3458 ut
835 3395 867 3462 in
877 3393 958 3478 aliis,
970 3393 1086 3480 specie.

70 3486 219 3562 Virtutis
247 3481 328 3547 enirn
343 3409 414 3566 spes
436 3477 470 3544 in
491 3475 545 3543 illa
564 3491 667 3544 aetate
684 3479 932 3548 commendatur.
971 3477 1089 3548 Cicero

67 3572 109 3638 de
133 3589 204 3654 rep.
230 3565 261 3631 Ο
285 3563 454 3645 Fanni,di
487 3562 557 3628 cilis
575 3559 702 3649 caussa,
724 3562 850 3630 laudare
865 3578 1008 3647 puerum.
1027 3583 1088 3629 nott

66 3661 149 3725 enim
169 3671 221 3720 res
242 3647 412 3726 saucianda,
446 3643 482 3713 td
491 3643 565 3731 spes
580 3639 634 3730 est.

147 3743 182 3808 ui
204 3755 270 3803 cum
287 3733 340 3798 iot
358 3729 421 3818 ipse
441 3743 572 3816 tempore
586 3725 669 3817 flent
686 3748 752 3794 tum
766 3729 905 3816 gladiis]
930 3731 1032 3798 Antea
1044 3733 1090 3798 le·

87 3843 107 3890 e
149 3841 222 3904 tur,
242 3819 296 3886 hoc
312 3812 367 3901 ifle
387 3828 537 3902 tempore:
559 3813 645 3900 quod
658 3812 786 3898 quidem
805 3817 849 3880 ita
868 3816 1008 3913 ineptum
1023 3816 1067 3882 est
1078 3861 1090 3898 ,

67 3843 258 3996 {ignoscant
271 3899 384 3988 optimi
402 3897 614 3969 &dosiisfimi
635 3897 938 4073 hogisisai'errsrri
957 3903 1086 3972 manes>
1222 3979 1227 3986 Ι

15 4032 44 4068 κ
715 3999 764 4070 qq
791 4002 813 4066 4
1001 3991 1005 4000 ’
1056 3999 1093 4050 ut

46 4067 84 4182 t
