2802 4920
219 315 265 372 ru
307 297 579 374 Currtrun.
622 275 964 378 ill-corturiaco
1040 313 1103 388 σω

73 461 188 533 nunu
217 461 304 528 vitiis
339 459 489 548 strpplieia
523 455 798 532 constituerentur.
844 464 907 532 Sed
937 477 1041 534 tamen
1063 467 1098 536 α

66 572 106 617 aa
128 547 211 632 ipsa,
235 561 318 632 quae
340 560 407 613 cam
428 548 579 614 naturaml
595 547 732 629 habent&
749 566 785 617 ut
805 535 837 617 dc
859 548 953 632 hoc;
982 552 1015 619 dt
1038 551 1096 618 illo

69 635 170 702 modo
193 632 321 696 evenire
342 633 492 716 possint,
515 649 606 699 certo
632 631 878 717 praenoscuntur
900 633 918 700 a
942 635 1020 701 deo:
1041 638 1112 713 δὴ.

74 716 220 804 quamvis
246 715 376 779 liberum
394 731 469 781 erat
491 718 674 796 Catilinae,
696 719 860 798 coniurare
883 719 914 786 in
939 721 1096 802 patriam,

69 801 124 868 vel
149 819 214 866 non
240 799 430 880 conjurare:
458 801 536 868 deus
567 818 698 888 tameo,
725 801 960 884 conjuratorum
986 802 1108 884 illurn,'

68 907 109 952 ert
136 886 226 952 omni
251 883 441 950 aeternitate
466 883 686 968 praesciverat.
739 882 805 952 Dei
839 906 943 953 autem
968 883 1098 958 scientia

68 971 188 1038 nullutn
213 968 431 1035 necesstattnr
456 967 550 1036 rebus
580 965 725 1054 imponit.
747 975 848 1050 narn,
878 987 913 1036 ut
937 990 1039 1049 vere,
1063 974 1095 1040 dt

72 1055 229 1140 sapienter
253 1053 292 1118 ab
317 1051 495 1124 hominibus
512 1053 753 1133 eruditissimis,
773 1054 948 1141 iisdemque
968 1053 1096 1124 sanclis·

67 1139 154 1208 limis
176 1137 293 1203 ditium
322 1137 389 1218 eli,
410 1139 521 1205 modus
541 1137 732 1226 cognitionis
755 1157 820 1205 non
844 1139 990 1206 irnnrutat
1007 1155 1098 1206 natu·

68 1243 137 1290 mm
162 1224 207 1287 rei
233 1221 393 1308 cognitae.
434 1222 484 1292 Ac
509 1223 586 1290 deut
611 1223 736 1307 quidem
764 1241 829 1288 uno
853 1223 978 1308 prorsus
998 1225 1097 1294 modo

68 1305 253 1395 praenoscit
273 1308 405 1372 onnia:
432 1322 537 1392 neque
564 1321 666 1374 tannen
695 1311 801 1372 otnnla
823 1325 889 1372 uno
919 1307 1097 1394 eodemque

67 1414 120 1460 ors
140 1410 171 1456 ὀ
192 1391 474 1473 eveniunt.'nam‚
502 1406 538 1458 ut
559 1389 730 1458 infistamus
750 1391 783 1457 in
810 1393 957 1476 exemplo
1002 1411 1099 1477 ropo·

68 1475 168 1556 fito,
196 1484 259 1542 non
279 1475 380 1540 minus
403 1475 504 1541 certo'
521 1475 638 1542 sciebat
660 1474 737 1542 deus
766 1471 865 1558 fore,
896 1489 933 1541 ut
1011 1478 1101 1544 tilina
1199 1515 1202 1522 -

70 1561 195 1629 bellurn
219 1559 344 1626 faceret
348 1561 512 1710 ‘patriae3
544 1563 651 1646 quarn'
674 1559 771 1637 fote,
810 1575 845 1625 ut
878 1561 1039 1642 aleretur,
1063 1579 1101 1628 ut

71 1646 261 1723 cresceret,
291 1663 327 1709 ut
362 1645 492 1712 omnuni
512 1650 662 1732 capeio,
691 1660 727 1710 ut
750 1643 895 1730 quotidie
913 1644 953 1712 a'd
979 1641 1101 1714 scnium

71 1731 174 1815 magis
190 1731 366 1796 accederet.
388 1731 479 1796 aliter
495 1745 597 1796 tamen
619 1729 696 1796 haec
719 1725 942 1827 contigerunt,
964 1729 1103 1798 &aliter

75 1817 169 1882 illud.
192 1831 260 1880 nant
289 1815 394 1893 hacc,
429 1815 523 1902 etiam
552 1812 620 1900 ipso
652 1813 787 1881 Catilina
812 1815 940 1894 multo,
971 1814 1102 1884 allatura

76 1915 150 1966 erat
166 1915 294 1964 naturae
317 1897 502 1965 necesoras:
531 1899 608 1965 illud
627 1899 658 1963 in
681 1897 775 1982 ipsus
790 1896 982 1978 voluntate,
1002 1901 1110 1985 atque'

71 1984 208 2050 arbitrio
238 1983 372 2066 posituro
403 1981 477 2049 fuir.
528 1983 625 2049 Hunc
653 1983 747 2066 igitur
770 1999 875 2047 rerum
903 1981 1045 2056 ordinem
1068 1985 1101 2051 in

73 2087 186 2136 mente
208 2067 314 2134 divina
337 2065 568 2148 constitutum,
588 2069 715 2156 proprie
734 2081 870 2148 accepto
888 2061 958 2145 suti
971 2063 1104 2134 nomine

71 2153 243 2240 fignifioari
263 2153 324 2234 ajo.
363 2151 545 2219 Credebant
570 2167 673 2216 autern
701 2166 847 2230 veteres,
867 2166 933 2232 quo
950 2155 1104 2234 temporis

48 2303 51 2310 ,
72 2237 203 2326 pundo
225 2237 294 2320 quis
315 2237 493 2302 nasceretur
506 2285 518 2318 ‚
558 2255 599 2302 eo
623 2234 691 2320 ipso
718 2233 861 2299 fataliter
882 2231 1031 2300 constitui
1059 2235 1103 2301 de

70 2322 446 2474 ffi⁰rss1³tq⁰⁶i⁰tfflm
470 2321 589 2408 ipsius:
619 2319 707 2408 quod
722 2318 839 2386 indicat
858 2315 911 2383 hic
930 2317 1101 2390 acriculus

100 2423 219 2484 varur,

139 2569 311 2662 obscenus
330 2576 494 2645 morimur:
511 2569 646 2665 finisque
666 2577 704 2644 ub
724 2579 846 2665 origine
862 2571 986 2662 pendet,

68 2749 104 2815 dt
123 2746 202 2813 illud
217 2746 372 2813 Senecaee
392 2771 437 2796 ·-·
459 2751 631 2834 trinusque
650 2749 713 2816 dies
731 2742 827 2812 Delu
843 2758 1029 2813 extremum.
1052 2757 1097 2811 at·

68 2853 138 2918 que
157 2832 218 2896 bac
237 2829 432 2914 potissimum
449 2830 479 2897 in
493 2851 526 2897 rc
543 2833 607 2900 vitu
622 2832 680 2899 fati
698 2831 826 2897 elucere
840 2830 1073 2897 arbitrabantur
1087 2879 1096 2896 .

65 2919 147 2985 inde
169 2913 290 2982 fastum
316 2915 452 2998 opinor,
480 2933 516 2982 ut
538 2921 652 2994 morti,
673 2931 769 3001 atque
785 2913 945 3006 interitui,
959 2913 1030 2996 suti
1042 2933 1100 2980 no·

63 3021 143 3068 rnen
173 2999 351 3066 tribuerint.
394 2997 492 3090 Quod
514 3018 624 3068 autern
642 3001 693 3068 hic
713 3015 845 3066 annotat
870 2997 1007 3075 Silvius,
1028 2995 1100 3078 sats

59 3104 187 3154 nooren
212 3103 276 3150 non
303 3081 403 3168 accipi
425 3100 482 3168 pto
510 3102 614 3151 morte
635 3083 790 3166 naturali,
824 3081 876 3150 sed
898 3098 1020 3150 tantuna
1039 3097 1099 3168 pro

62 3187 178 3238 roorte
192 3169 333 3234 violenta
353 3215 363 3248 ‚
394 3167 695 3256 longefallisfirnum
713 3165 773 3236 cst.
794 3167 859 3233 imo
879 3183 959 3234 vero
976 3167 1099 3234 violen-

63 3272 140 3338 tam
156 3269 295 3327 mortem
313 3255 366 3338 qui
388 3270 561 3339 oppetunt,
583 3258 782 3338 pranipere,
802 3267 856 3318 aut
876 3267 1097 3338 praeoccupare

53 3341 164 3424 fate,
193 3339 239 3403 &a
248 3349 371 3420 praeter
383 3335 486 3418 sotum
509 3344 585 3403 morl
603 3339 770 3406 dicuntur.
793 3333 882 3404 &ita
896 3337 1099 3423 accipiendus

61 3423 120 3492 est
138 3425 230 3489 locus
243 3421 301 3498 ille
323 3439 342 3486 e
363 3421 495 3488 secunda
519 3423 709 3508 Philippica:
733 3422 841 3488 Multo
861 3433 960 3488 autem
977 3427 1093 3502 impen-

60 3513 146 3576 dere
161 3507 304 3570 ridentur
320 3519 442 3588 praeter
459 3521 600 3575 naturum
609 3553 622 3588 ,
641 3517 823 3596 praeterque
831 3505 955 3588 sutum.
976 3507 1007 3574 dt
1023 3521 1092 3576 ver·

52 3594 118 3661 suc
138 3591 197 3658 ille
220 3590 357 3696 Virgilii,
695 3631 697 3634 -

129 3757 220 3830 Nam
240 3763 315 3847 quic
336 3777 390 3828 net
405 3757 498 3847 suto,
519 3765 631 3834 merita
650 3783 702 3833 oet
719 3715 818 3830 {roro
834 3763 969 3849 perilot.

97 3925 195 4014 Etfi
207 3928 402 4019 nunninus]
426 3929 525 4017 Μ,
545 3897 918 4112 ροΐιῑὸηιςνῑάεωῖρτο,
940 3925 1026 4017 quod
1053 3921 1098 4078 ik
