<?xml version="1.0" encoding="UTF-8"?>
<!DOCTYPE html PUBLIC "-//W3C//DTD XHTML 1.0 Transitional//EN"
    "http://www.w3.org/TR/xhtml1/DTD/xhtml1-transitional.dtd">
<html xmlns="http://www.w3.org/1999/xhtml" xml:lang="en" lang="en">
 <head>
  <title>
</title>
<meta http-equiv="Content-Type" content="text/html;charset=utf-8" />
  <meta name='ocr-system' content='tesseract 3.04.00' />
  <meta name='ocr-capabilities' content='ocr_page ocr_carea ocr_par ocr_line ocrx_word'/>
</head>
<body>
  <div class='ocr_page' id='page_1' title='image "./mantoniimuretio01thomgoog_0336.png"; bbox 0 0 2738 4910; ppageno 0'>
   <div class='ocr_carea' id='block_1_1' title="bbox 154 328 1030 424">
    <p class='ocr_par' dir='ltr' id='par_1_1' title="bbox 154 328 1030 424">
     <span class='ocr_line' id='line_1_1' title="bbox 154 328 1030 424; baseline 0 -22"><span class='ocrx_word' id='word_1_1' title='bbox 154 341 294 424; x_wconf 47' lang='lat'>&#39;3²⁸</span> <span class='ocrx_word' id='word_1_2' title='bbox 430 332 484 410; x_wconf 82' lang='lat' dir='ltr'>M.</span> <span class='ocrx_word' id='word_1_3' title='bbox 563 330 604 404; x_wconf 82' lang='grc' dir='ltr'>Α.</span> <span class='ocrx_word' id='word_1_4' title='bbox 685 328 1030 402; x_wconf 78' lang='lat' dir='ltr'>ntunrrt</span> 
     </span>
    </p>
   </div>
   <div class='ocr_carea' id='block_1_2' title="bbox 202 488 1298 4050">
    <p class='ocr_par' dir='ltr' id='par_1_2' title="bbox 202 488 1298 4050">
     <span class='ocr_line' id='line_1_2' title="bbox 237 488 1259 578; baseline -0.002 -18"><span class='ocrx_word' id='word_1_5' title='bbox 237 493 390 562; x_wconf 85' lang='lat' dir='ltr'>fetantur.</span> <span class='ocrx_word' id='word_1_6' title='bbox 430 489 527 578; x_wconf 88' lang='lat' dir='ltr'>Quod</span> <span class='ocrx_word' id='word_1_7' title='bbox 540 489 635 574; x_wconf 80' lang='lat' dir='ltr'>igitur</span> <span class='ocrx_word' id='word_1_8' title='bbox 652 489 701 558; x_wconf 84' lang='lat' dir='ltr'>est</span> <span class='ocrx_word' id='word_1_9' title='bbox 720 489 750 556; x_wconf 90' lang='lat' dir='ltr'>in</span> <span class='ocrx_word' id='word_1_10' title='bbox 772 488 899 574; x_wconf 82' lang='lat' dir='ltr'>epistola</span> <span class='ocrx_word' id='word_1_11' title='bbox 922 491 1054 558; x_wconf 81' lang='lat' dir='ltr'>secunda</span> <span class='ocrx_word' id='word_1_12' title='bbox 1076 491 1144 558; x_wconf 83' lang='lat' dir='ltr'>libri</span> <span class='ocrx_word' id='word_1_13' title='bbox 1165 492 1259 576; x_wconf 83' lang='lat' dir='ltr'>quin·</span> 
     </span>
     <span class='ocr_line' id='line_1_3' title="bbox 239 571 1259 661; baseline -0.004 -19"><span class='ocrx_word' id='word_1_14' title='bbox 239 578 283 642; x_wconf 79' lang='lat' dir='ltr'>eti</span> <span class='ocrx_word' id='word_1_15' title='bbox 300 579 330 644; x_wconf 86' lang='lat' dir='ltr'>in</span> <span class='ocrx_word' id='word_1_16' title='bbox 352 575 565 650; x_wconf 69' lang='lat' dir='ltr'>manationis,</span> <span class='ocrx_word' id='word_1_17' title='bbox 587 594 652 639; x_wconf 85' lang='lat' dir='ltr'>tam</span> <span class='ocrx_word' id='word_1_18' title='bbox 675 596 719 639; x_wconf 87' lang='lat' dir='ltr'>me</span> <span class='ocrx_word' id='word_1_19' title='bbox 738 594 753 637; x_wconf 87' lang='lat' dir='ltr'>e</span> <span class='ocrx_word' id='word_1_20' title='bbox 770 571 883 658; x_wconf 78' lang='lat' dir='ltr'><em>Pansae</em></span> <span class='ocrx_word' id='word_1_21' title='bbox 900 581 996 658; x_wconf 71' lang='lat' dir='ltr'>vieta,</span> <span class='ocrx_word' id='word_1_22' title='bbox 1019 597 1087 641; x_wconf 83' lang='lat' dir='ltr'>aaut</span> <span class='ocrx_word' id='word_1_23' title='bbox 1108 579 1181 661; x_wconf 82' lang='lat' dir='ltr'>qrtid</span> <span class='ocrx_word' id='word_1_24' title='bbox 1194 580 1259 640; x_wconf 75' lang='lat' dir='ltr'>uei·</span> 
     </span>
     <span class='ocr_line' id='line_1_4' title="bbox 237 655 1263 744; baseline 0.001 -20"><span class='ocrx_word' id='word_1_25' title='bbox 237 667 316 736; x_wconf 80' lang='lat' dir='ltr'>lent,</span> <span class='ocrx_word' id='word_1_26' title='bbox 340 661 492 744; x_wconf 78' lang='lat' dir='ltr'>rugaelet:</span> <span class='ocrx_word' id='word_1_27' title='bbox 522 664 743 726; x_wconf 84' lang='lat' dir='ltr'>certocernos</span> <span class='ocrx_word' id='word_1_28' title='bbox 759 655 824 730; x_wconf 83' lang='lat' dir='ltr'>est,</span> <span class='ocrx_word' id='word_1_29' title='bbox 849 661 1075 742; x_wconf 82' lang='lat' dir='ltr'>exturbandum</span> <span class='ocrx_word' id='word_1_30' title='bbox 1094 660 1167 728; x_wconf 87' lang='lat' dir='ltr'>hinc</span> <span class='ocrx_word' id='word_1_31' title='bbox 1190 658 1263 728; x_wconf 83' lang='lat' dir='ltr'>esse</span> 
     </span>
     <span class='ocr_line' id='line_1_5' title="bbox 240 741 1262 830; baseline -0.003 -20"><span class='ocrx_word' id='word_1_32' title='bbox 240 742 382 830; x_wconf 82' lang='lat' dir='ltr'>Pansam.</span> <span class='ocrx_word' id='word_1_33' title='bbox 424 742 595 808; x_wconf 69' lang='lat' dir='ltr'>victoriani</span> <span class='ocrx_word' id='word_1_34' title='bbox 620 743 650 807; x_wconf 80' lang='lat' dir='ltr'>dt</span> <span class='ocrx_word' id='word_1_35' title='bbox 675 759 799 808; x_wconf 84' lang='lat' dir='ltr'>veteres</span> <span class='ocrx_word' id='word_1_36' title='bbox 820 741 957 826; x_wconf 85' lang='lat' dir='ltr'>habent,</span> <span class='ocrx_word' id='word_1_37' title='bbox 980 765 1044 810; x_wconf 87' lang='lat' dir='ltr'>cam</span> <span class='ocrx_word' id='word_1_38' title='bbox 1067 767 1111 811; x_wconf 83' lang='lat' dir='ltr'>att</span> <span class='ocrx_word' id='word_1_39' title='bbox 1134 743 1262 830; x_wconf 70' lang='lat' dir='ltr'>expense</span> 
     </span>
     <span class='ocr_line' id='line_1_6' title="bbox 232 826 1263 922; baseline -0.002 -28"><span class='ocrx_word' id='word_1_40' title='bbox 232 831 294 922; x_wconf 81' lang='lat' dir='ltr'>saa</span> <span class='ocrx_word' id='word_1_41' title='bbox 319 830 406 894; x_wconf 77' lang='lat' dir='ltr'>vitia.</span> <span class='ocrx_word' id='word_1_42' title='bbox 446 827 547 894; x_wconf 82' lang='lat' dir='ltr'>Unius</span> <span class='ocrx_word' id='word_1_43' title='bbox 571 826 728 896; x_wconf 85' lang='lat' dir='ltr'>litterulae</span> <span class='ocrx_word' id='word_1_44' title='bbox 752 827 927 898; x_wconf 83' lang='lat' dir='ltr'>mutatione</span> <span class='ocrx_word' id='word_1_45' title='bbox 943 830 1031 896; x_wconf 87' lang='lat' dir='ltr'>loeus</span> <span class='ocrx_word' id='word_1_46' title='bbox 1045 831 1169 916; x_wconf 82' lang='lat' dir='ltr'>integer.</span> <span class='ocrx_word' id='word_1_47' title='bbox 1183 829 1263 912; x_wconf 80' lang='lat' dir='ltr'>fier,</span> 
     </span>
     <span class='ocr_line' id='line_1_7' title="bbox 244 910 1266 997; baseline -0.001 -19"><span class='ocrx_word' id='word_1_48' title='bbox 244 929 279 978; x_wconf 89' lang='lat' dir='ltr'>ut</span> <span class='ocrx_word' id='word_1_49' title='bbox 302 912 337 979; x_wconf 82' lang='lat' dir='ltr'>fit</span> <span class='ocrx_word' id='word_1_50' title='bbox 358 931 448 992; x_wconf 87' lang='lat' dir='ltr'>,tam</span> <span class='ocrx_word' id='word_1_51' title='bbox 473 931 517 974; x_wconf 89' lang='lat' dir='ltr'>me</span> <span class='ocrx_word' id='word_1_52' title='bbox 545 910 647 976; x_wconf 74' lang='lat' dir='ltr'>etaient</span> <span class='ocrx_word' id='word_1_53' title='bbox 668 932 683 976; x_wconf 88' lang='lat' dir='ltr'>e</span> <span class='ocrx_word' id='word_1_54' title='bbox 697 911 757 996; x_wconf 86' lang='lat' dir='ltr'>saa</span> <span class='ocrx_word' id='word_1_55' title='bbox 781 912 870 978; x_wconf 80' lang='lat' dir='ltr'>m&#39;lla.</span> <span class='ocrx_word' id='word_1_56' title='bbox 919 913 1059 997; x_wconf 76' lang='lat' dir='ltr'>Epistola</span> <span class='ocrx_word' id='word_1_57' title='bbox 1080 915 1266 982; x_wconf 88' lang='lat' dir='ltr'>duodecima</span> 
     </span>
     <span class='ocr_line' id='line_1_8' title="bbox 242 993 1261 1082; baseline 0 -20"><span class='ocrx_word' id='word_1_58' title='bbox 242 997 296 1062; x_wconf 91' lang='lat' dir='ltr'>ubi</span> <span class='ocrx_word' id='word_1_59' title='bbox 320 997 419 1080; x_wconf 83' lang='lat' dir='ltr'>vulgo</span> <span class='ocrx_word' id='word_1_60' title='bbox 439 994 629 1080; x_wconf 79' lang='lat' dir='ltr'>ineptisiime</span> <span class='ocrx_word' id='word_1_61' title='bbox 645 994 779 1080; x_wconf 75' lang='lat' dir='ltr'>legitur:</span> <span class='ocrx_word' id='word_1_62' title='bbox 803 993 911 1082; x_wconf 81' lang='lat' dir='ltr'>Itaque</span> <span class='ocrx_word' id='word_1_63' title='bbox 925 1013 991 1063; x_wconf 83' lang='lat' dir='ltr'>erat</span> <span class='ocrx_word' id='word_1_64' title='bbox 1014 1001 1048 1062; x_wconf 85' lang='lat' dir='ltr'>in</span> <span class='ocrx_word' id='word_1_65' title='bbox 1070 1008 1191 1078; x_wconf 82' lang='lat' dir='ltr'>anime,</span> <span class='ocrx_word' id='word_1_66' title='bbox 1214 1001 1261 1063; x_wconf 86' lang='lat' dir='ltr'>ni-</span> 
     </span>
     <span class='ocr_line' id='line_1_9' title="bbox 243 1078 1265 1167; baseline -0.004 -20"><span class='ocrx_word' id='word_1_67' title='bbox 243 1082 292 1147; x_wconf 82' lang='lat' dir='ltr'>att</span> <span class='ocrx_word' id='word_1_68' title='bbox 312 1078 484 1165; x_wconf 71' lang='lat' dir='ltr'>festinare,</span> <span class='ocrx_word' id='word_1_69' title='bbox 503 1097 557 1143; x_wconf 85' lang='lat' dir='ltr'>rtet</span> <span class='ocrx_word' id='word_1_70' title='bbox 578 1099 622 1143; x_wconf 85' lang='lat' dir='ltr'>nte</span> <span class='ocrx_word' id='word_1_71' title='bbox 641 1081 720 1146; x_wconf 84' lang='lat' dir='ltr'>Dela</span> <span class='ocrx_word' id='word_1_72' title='bbox 736 1097 871 1166; x_wconf 75' lang='lat' dir='ltr'>movere,</span> <span class='ocrx_word' id='word_1_73' title='bbox 894 1080 953 1160; x_wconf 72' lang='lat' dir='ltr'>at‘fi</span> <span class='ocrx_word' id='word_1_74' title='bbox 985 1085 1083 1148; x_wconf 84' lang='lat' dir='ltr'>amnia</span> <span class='ocrx_word' id='word_1_75' title='bbox 1108 1088 1265 1167; x_wconf 56' lang='lat' dir='ltr'>ducangius</span> 
     </span>
     <span class='ocr_line' id='line_1_10' title="bbox 239 1161 1267 1260; baseline 0 -30"><span class='ocrx_word' id='word_1_76' title='bbox 239 1167 317 1260; x_wconf 77' lang='lat' dir='ltr'>jara</span> <span class='ocrx_word' id='word_1_77' title='bbox 338 1161 498 1248; x_wconf 79' lang='lat' dir='ltr'>uidissem.</span> <span class='ocrx_word' id='word_1_78' title='bbox 530 1180 549 1228; x_wconf 87' lang='lat' dir='ltr'>e</span> <span class='ocrx_word' id='word_1_79' title='bbox 570 1163 746 1248; x_wconf 84' lang='lat' dir='ltr'>depravatis</span> <span class='ocrx_word' id='word_1_80' title='bbox 771 1165 888 1230; x_wconf 87' lang='lat' dir='ltr'>veteris</span> <span class='ocrx_word' id='word_1_81' title='bbox 913 1163 1082 1250; x_wconf 80' lang='lat' dir='ltr'>scripturae</span> <span class='ocrx_word' id='word_1_82' title='bbox 1110 1167 1267 1254; x_wconf 81' lang='lat' dir='ltr'>vestigiis,</span> 
     </span>
     <span class='ocr_line' id='line_1_11' title="bbox 238 1245 1270 1345; baseline 0.002 -31"><span class='ocrx_word' id='word_1_83' title='bbox 238 1267 325 1334; x_wconf 75' lang='lat' dir='ltr'>auae</span> <span class='ocrx_word' id='word_1_84' title='bbox 351 1248 428 1317; x_wconf 88' lang='lat' dir='ltr'>haec</span> <span class='ocrx_word' id='word_1_85' title='bbox 445 1245 537 1328; x_wconf 91' lang='lat' dir='ltr'>sunt,</span> <span class='ocrx_word' id='word_1_86' title='bbox 559 1265 672 1314; x_wconf 79' lang='lat' dir='ltr'>nnat</span> <span class='ocrx_word' id='word_1_87' title='bbox 704 1267 762 1316; x_wconf 78' lang='lat' dir='ltr'>an</span> <span class='ocrx_word' id='word_1_88' title='bbox 791 1265 961 1316; x_wconf 76' lang='lat' dir='ltr'>nrtvrn:</span> <span class='ocrx_word' id='word_1_89' title='bbox 983 1267 1023 1318; x_wconf 82' lang='lat' dir='ltr'>et</span> <span class='ocrx_word' id='word_1_90' title='bbox 1047 1251 1091 1320; x_wconf 84' lang='lat' dir='ltr'>eis</span> <span class='ocrx_word' id='word_1_91' title='bbox 1112 1251 1207 1345; x_wconf 73' lang='lat' dir='ltr'>igitar</span> <span class='ocrx_word' id='word_1_92' title='bbox 1225 1253 1270 1318; x_wconf 87' lang='lat' dir='ltr'>le·</span> 
     </span>
     <span class='ocr_line' id='line_1_12' title="bbox 263 1331 1273 1416; baseline 0.003 -17"><span class='ocrx_word' id='word_1_93' title='bbox 263 1335 375 1404; x_wconf 90' lang='lat' dir='ltr'>endum</span> <span class='ocrx_word' id='word_1_94' title='bbox 390 1347 484 1416; x_wconf 83' lang='lat' dir='ltr'>pato.</span> <span class='ocrx_word' id='word_1_95' title='bbox 506 1336 600 1416; x_wconf 54' lang='lat' dir='ltr'>aaran·</span> <span class='ocrx_word' id='word_1_96' title='bbox 620 1360 646 1394; x_wconf 74' lang='grc' dir='ltr'>π</span> <span class='ocrx_word' id='word_1_97' title='bbox 667 1341 691 1416; x_wconf 65' lang='lat' dir='ltr'>eg</span> <span class='ocrx_word' id='word_1_98' title='bbox 715 1331 790 1408; x_wconf 60' lang='grc' dir='ltr'>ἔμω.</span> <span class='ocrx_word' id='word_1_99' title='bbox 832 1331 908 1400; x_wconf 90' lang='lat' dir='ltr'>Hoc</span> <span class='ocrx_word' id='word_1_100' title='bbox 922 1335 1005 1402; x_wconf 85' lang='lat' dir='ltr'>enim</span> <span class='ocrx_word' id='word_1_101' title='bbox 1021 1333 1101 1401; x_wconf 87' lang='lat' dir='ltr'>dicit</span> <span class='ocrx_word' id='word_1_102' title='bbox 1117 1383 1125 1411; x_wconf 86' lang='grc'>,</span> <span class='ocrx_word' id='word_1_103' title='bbox 1142 1357 1206 1406; x_wconf 86' lang='lat' dir='ltr'>non</span> <span class='ocrx_word' id='word_1_104' title='bbox 1222 1357 1273 1402; x_wconf 86' lang='lat' dir='ltr'>es·</span> 
     </span>
     <span class='ocr_line' id='line_1_13' title="bbox 239 1353 1270 1506; baseline 0.006 -22"><span class='ocrx_word' id='word_1_105' title='bbox 239 1353 280 1502; x_wconf 55' lang='lat' dir='ltr'>{a</span> <span class='ocrx_word' id='word_1_106' title='bbox 300 1417 356 1486; x_wconf 85' lang='lat' dir='ltr'>srbi</span> <span class='ocrx_word' id='word_1_107' title='bbox 381 1415 542 1484; x_wconf 80' lang='lat' dir='ltr'>confilium</span> <span class='ocrx_word' id='word_1_108' title='bbox 568 1415 732 1502; x_wconf 84' lang='lat' dir='ltr'>navigare,</span> <span class='ocrx_word' id='word_1_109' title='bbox 761 1411 814 1484; x_wconf 82' lang='lat' dir='ltr'>nist</span> <span class='ocrx_word' id='word_1_110' title='bbox 843 1413 947 1484; x_wconf 86' lang='lat' dir='ltr'>serena</span> <span class='ocrx_word' id='word_1_111' title='bbox 973 1420 1003 1485; x_wconf 84' lang='lat' dir='ltr'>dt</span> <span class='ocrx_word' id='word_1_112' title='bbox 1027 1421 1208 1506; x_wconf 83' lang='lat' dir='ltr'>tranquilia,</span> <span class='ocrx_word' id='word_1_113' title='bbox 1230 1441 1270 1490; x_wconf 84' lang='lat' dir='ltr'>ac</span> 
     </span>
     <span class='ocr_line' id='line_1_14' title="bbox 248 1498 1268 1588; baseline 0.006 -20"><span class='ocrx_word' id='word_1_114' title='bbox 248 1501 382 1571; x_wconf 84' lang='lat' dir='ltr'>secunda</span> <span class='ocrx_word' id='word_1_115' title='bbox 414 1499 518 1570; x_wconf 89' lang='lat' dir='ltr'>omnia</span> <span class='ocrx_word' id='word_1_116' title='bbox 540 1499 666 1568; x_wconf 86' lang='lat' dir='ltr'>viderit.</span> <span class='ocrx_word' id='word_1_117' title='bbox 711 1498 747 1566; x_wconf 93' lang='lat' dir='ltr'>In</span> <span class='ocrx_word' id='word_1_118' title='bbox 777 1499 828 1568; x_wconf 85' lang='lat' dir='ltr'>ilia</span> <span class='ocrx_word' id='word_1_119' title='bbox 848 1519 929 1583; x_wconf 85' lang='lat' dir='ltr'>quae</span> <span class='ocrx_word' id='word_1_120' title='bbox 955 1500 1120 1588; x_wconf 87' lang='lat' dir='ltr'>sequitur,</span> <span class='ocrx_word' id='word_1_121' title='bbox 1153 1507 1268 1574; x_wconf 89' lang='lat' dir='ltr'>mirum</span> 
     </span>
     <span class='ocr_line' id='line_1_15' title="bbox 250 1583 1270 1671; baseline 0.005 -19"><span class='ocrx_word' id='word_1_122' title='bbox 250 1583 316 1666; x_wconf 85' lang='lat' dir='ltr'>est,</span> <span class='ocrx_word' id='word_1_123' title='bbox 344 1586 486 1652; x_wconf 88' lang='lat' dir='ltr'>homines</span> <span class='ocrx_word' id='word_1_124' title='bbox 513 1583 677 1663; x_wconf 87' lang='lat' dir='ltr'>eruditos,</span> <span class='ocrx_word' id='word_1_125' title='bbox 706 1583 908 1665; x_wconf 82' lang='lat' dir='ltr'>Mamurium,</span> <span class='ocrx_word' id='word_1_126' title='bbox 938 1585 1140 1670; x_wconf 85' lang='lat' dir='ltr'>Corradum,&#39;</span> <span class='ocrx_word' id='word_1_127' title='bbox 1166 1591 1270 1671; x_wconf 88' lang='lat' dir='ltr'>aiios,</span> 
     </span>
     <span class='ocr_line' id='line_1_16' title="bbox 250 1665 1275 1761; baseline 0.007 -25"><span class='ocrx_word' id='word_1_128' title='bbox 250 1689 315 1736; x_wconf 88' lang='lat' dir='ltr'>tam</span> <span class='ocrx_word' id='word_1_129' title='bbox 334 1667 414 1736; x_wconf 89' lang='lat' dir='ltr'>nihil</span> <span class='ocrx_word' id='word_1_130' title='bbox 432 1665 563 1749; x_wconf 82' lang='lat' dir='ltr'>vidisse,</span> <span class='ocrx_word' id='word_1_131' title='bbox 585 1683 641 1744; x_wconf 82' lang='lat' dir='ltr'>ut,</span> <span class='ocrx_word' id='word_1_132' title='bbox 666 1685 739 1734; x_wconf 89' lang='lat' dir='ltr'>curn</span> <span class='ocrx_word' id='word_1_133' title='bbox 764 1668 888 1754; x_wconf 87' lang='lat' dir='ltr'>paulum</span> <span class='ocrx_word' id='word_1_134' title='bbox 906 1669 1003 1736; x_wconf 85' lang='lat' dir='ltr'>modo</span> <span class='ocrx_word' id='word_1_135' title='bbox 1018 1688 1110 1740; x_wconf 83' lang='lat' dir='ltr'>vetus</span> <span class='ocrx_word' id='word_1_136' title='bbox 1124 1675 1275 1761; x_wconf 83' lang='lat' dir='ltr'>scriptura</span> 
     </span>
     <span class='ocr_line' id='line_1_17' title="bbox 251 1748 1275 1840; baseline 0.005 -18"><span class='ocrx_word' id='word_1_137' title='bbox 251 1753 374 1826; x_wconf 83' lang='lat' dir='ltr'>abesset</span> <span class='ocrx_word' id='word_1_138' title='bbox 396 1772 413 1820; x_wconf 88' lang='lat' dir='ltr'>a</span> <span class='ocrx_word' id='word_1_139' title='bbox 440 1748 552 1832; x_wconf 71' lang='lat' dir='ltr'>resto,</span> <span class='ocrx_word' id='word_1_140' title='bbox 573 1749 625 1836; x_wconf 84' lang='lat' dir='ltr'>ipsr</span> <span class='ocrx_word' id='word_1_141' title='bbox 647 1769 708 1816; x_wconf 89' lang='lat' dir='ltr'>tarn</span> <span class='ocrx_word' id='word_1_142' title='bbox 724 1752 820 1840; x_wconf 81' lang='lat' dir='ltr'>longo</span> <span class='ocrx_word' id='word_1_143' title='bbox 840 1753 1036 1823; x_wconf 84' lang='lat' dir='ltr'>deflexerint.</span> <span class='ocrx_word' id='word_1_144' title='bbox 1082 1757 1216 1827; x_wconf 85' lang='lat' dir='ltr'>Veteres</span> <span class='ocrx_word' id='word_1_145' title='bbox 1236 1761 1275 1826; x_wconf 88' lang='lat' dir='ltr'>ii·</span> 
     </span>
     <span class='ocr_line' id='line_1_18' title="bbox 209 1835 1273 1926; baseline 0.004 -20"><span class='ocrx_word' id='word_1_146' title='bbox 209 1859 212 1886; x_wconf 80' lang='lat'>¹</span> <span class='ocrx_word' id='word_1_147' title='bbox 250 1839 325 1914; x_wconf 89' lang='lat' dir='ltr'>bri,·</span> <span class='ocrx_word' id='word_1_148' title='bbox 352 1835 568 1904; x_wconf 70' lang='lat' dir='ltr'>Verumtamen</span> <span class='ocrx_word' id='word_1_149' title='bbox 582 1837 788 1902; x_wconf 86' lang='lat' dir='ltr'>Detumam&#39;as</span> <span class='ocrx_word' id='word_1_150' title='bbox 805 1836 949 1922; x_wconf 79' lang='lat' dir='ltr'>venissem</span> <span class='ocrx_word' id='word_1_151' title='bbox 969 1859 1034 1906; x_wconf 87' lang='lat' dir='ltr'>cum</span> <span class='ocrx_word' id='word_1_152' title='bbox 1051 1846 1188 1926; x_wconf 78' lang='lat' dir='ltr'>irnperio.</span> <span class='ocrx_word' id='word_1_153' title='bbox 1226 1846 1273 1912; x_wconf 84' lang='lat' dir='ltr'>At</span> 
     </span>
     <span class='ocr_line' id='line_1_19' title="bbox 250 1919 1274 2012; baseline 0.004 -24"><span class='ocrx_word' id='word_1_154' title='bbox 250 1922 322 2003; x_wconf 82' lang='lat' dir='ltr'>illi,</span> <span class='ocrx_word' id='word_1_155' title='bbox 348 1919 562 1990; x_wconf 75' lang='lat' dir='ltr'>Verumtamen</span> <span class='ocrx_word' id='word_1_156' title='bbox 585 1939 650 1985; x_wconf 89' lang='lat' dir='ltr'>eum</span> <span class='ocrx_word' id='word_1_157' title='bbox 670 1925 746 1986; x_wconf 83' lang='lat' dir='ltr'>ciris</span> <span class='ocrx_word' id='word_1_158' title='bbox 767 1920 919 1988; x_wconf 80' lang='lat' dir='ltr'>Romanas</span> <span class='ocrx_word' id='word_1_159' title='bbox 939 1923 1081 2010; x_wconf 71' lang='lat' dir='ltr'>venissem</span> <span class='ocrx_word' id='word_1_160' title='bbox 1098 1948 1162 1992; x_wconf 85' lang='lat' dir='ltr'>cam</span> <span class='ocrx_word' id='word_1_161' title='bbox 1176 1933 1274 2012; x_wconf 80' lang='lat' dir='ltr'>impe-</span> 
     </span>
     <span class='ocr_line' id='line_1_20' title="bbox 256 2003 1274 2092; baseline 0.005 -20"><span class='ocrx_word' id='word_1_162' title='bbox 256 2013 316 2074; x_wconf 83' lang='lat' dir='ltr'>ria.</span> <span class='ocrx_word' id='word_1_163' title='bbox 357 2005 433 2072; x_wconf 86' lang='lat' dir='ltr'>Erat</span> <span class='ocrx_word' id='word_1_164' title='bbox 455 2019 560 2072; x_wconf 90' lang='lat' dir='ltr'>autern</span> <span class='ocrx_word' id='word_1_165' title='bbox 585 2005 723 2084; x_wconf 71' lang='lat' dir='ltr'>retium,</span> <span class='ocrx_word' id='word_1_166' title='bbox 749 2003 968 2072; x_wconf 78' lang='lat' dir='ltr'>Verumtamen</span> <span class='ocrx_word' id='word_1_167' title='bbox 990 2011 1163 2092; x_wconf 83' lang='lat' dir='ltr'>decumani,</span> <span class='ocrx_word' id='word_1_168' title='bbox 1186 2029 1223 2077; x_wconf 86' lang='lat' dir='ltr'>at</span> <span class='ocrx_word' id='word_1_169' title='bbox 1240 2013 1274 2092; x_wconf 82' lang='lat' dir='ltr'>Ji</span> 
     </span>
     <span class='ocr_line' id='line_1_21' title="bbox 255 2085 1275 2180; baseline 0.007 -23"><span class='ocrx_word' id='word_1_170' title='bbox 255 2089 399 2176; x_wconf 68' lang='lat' dir='ltr'>vertissem</span> <span class='ocrx_word' id='word_1_171' title='bbox 423 2110 487 2155; x_wconf 87' lang='lat' dir='ltr'>cam</span> <span class='ocrx_word' id='word_1_172' title='bbox 508 2091 645 2176; x_wconf 78' lang='lat' dir='ltr'>imperio.</span> <span class='ocrx_word' id='word_1_173' title='bbox 685 2085 739 2154; x_wconf 88' lang='lat' dir='ltr'>Ne</span> <span class='ocrx_word' id='word_1_174' title='bbox 757 2087 980 2159; x_wconf 83' lang='lat' dir='ltr'>intellexerunt</span> <span class='ocrx_word' id='word_1_175' title='bbox 993 2095 1115 2178; x_wconf 86' lang='lat' dir='ltr'>quidem</span> <span class='ocrx_word' id='word_1_176' title='bbox 1131 2097 1161 2162; x_wconf 87' lang='lat' dir='ltr'>id</span> <span class='ocrx_word' id='word_1_177' title='bbox 1180 2099 1275 2180; x_wconf 90' lang='lat' dir='ltr'>quod</span> 
     </span>
     <span class='ocr_line' id='line_1_22' title="bbox 253 2171 1279 2262; baseline 0 -16"><span class='ocrx_word' id='word_1_178' title='bbox 253 2173 357 2246; x_wconf 80' lang='lat' dir='ltr'>statim</span> <span class='ocrx_word' id='word_1_179' title='bbox 381 2171 541 2260; x_wconf 85' lang='lat' dir='ltr'>sequitur:</span> <span class='ocrx_word' id='word_1_180' title='bbox 581 2173 634 2240; x_wconf 77' lang='lat' dir='ltr'>Ex</span> <span class='ocrx_word' id='word_1_181' title='bbox 649 2193 705 2258; x_wconf 79' lang='lat' dir='ltr'>aaa</span> <span class='ocrx_word' id='word_1_182' title='bbox 730 2185 758 2238; x_wconf 83' lang='lat' dir='ltr'>te</span> <span class='ocrx_word' id='word_1_183' title='bbox 774 2176 950 2260; x_wconf 76' lang='lat' dir='ltr'>intelligere</span> <span class='ocrx_word' id='word_1_184' title='bbox 967 2177 1141 2262; x_wconf 77' lang='lat' dir='ltr'>certeseia,</span> <span class='ocrx_word' id='word_1_185' title='bbox 1163 2184 1279 2248; x_wconf 84' lang='lat' dir='ltr'>malta·</span> 
     </span>
     <span class='ocr_line' id='line_1_23' title="bbox 252 2251 1280 2349; baseline 0.006 -23"><span class='ocrx_word' id='word_1_186' title='bbox 252 2267 325 2326; x_wconf 76' lang='lat' dir='ltr'>‘rum</span> <span class='ocrx_word' id='word_1_187' title='bbox 342 2279 487 2324; x_wconf 85' lang='lat' dir='ltr'>annorum</span> <span class='ocrx_word' id='word_1_188' title='bbox 505 2251 714 2341; x_wconf 75' lang='lat' dir='ltr'>ostentationes</span> <span class='ocrx_word' id='word_1_189' title='bbox 730 2277 900 2324; x_wconf 81' lang='lat' dir='ltr'>meatuum</span> <span class='ocrx_word' id='word_1_190' title='bbox 916 2265 949 2323; x_wconf 88' lang='lat' dir='ltr'>in</span> <span class='ocrx_word' id='word_1_191' title='bbox 970 2261 1127 2347; x_wconf 81' lang='lat' dir='ltr'>discrimen</span> <span class='ocrx_word' id='word_1_192' title='bbox 1143 2263 1204 2349; x_wconf 81' lang='lat' dir='ltr'>erse</span> <span class='ocrx_word' id='word_1_193' title='bbox 1222 2269 1280 2332; x_wconf 82' lang='lat' dir='ltr'>ad·</span> 
     </span>
     <span class='ocr_line' id='line_1_24' title="bbox 258 2340 1280 2494; baseline -0.005 -82"><span class='ocrx_word' id='word_1_194' title='bbox 258 2345 375 2416; x_wconf 77' lang='lat' dir='ltr'>datiae.</span> <span class='ocrx_word' id='word_1_195' title='bbox 416 2343 560 2494; x_wconf 46' lang='lat' dir='ltr'>{etatum</span> <span class='ocrx_word' id='word_1_196' title='bbox 586 2341 754 2414; x_wconf 88' lang='lat' dir='ltr'>verborum</span> <span class='ocrx_word' id='word_1_197' title='bbox 772 2340 922 2413; x_wconf 83' lang='lat' dir='ltr'>sententia</span> <span class='ocrx_word' id='word_1_198' title='bbox 936 2344 1014 2414; x_wconf 86' lang='lat' dir='ltr'>haee</span> <span class='ocrx_word' id='word_1_199' title='bbox 1031 2347 1091 2415; x_wconf 88' lang='lat' dir='ltr'>est:</span> <span class='ocrx_word' id='word_1_200' title='bbox 1110 2351 1153 2418; x_wconf 86' lang='lat' dir='ltr'>Et</span> <span class='ocrx_word' id='word_1_201' title='bbox 1171 2349 1280 2418; x_wconf 81' lang='lat' dir='ltr'>osten.</span> 
     </span>
     <span class='ocr_line' id='line_1_25' title="bbox 258 2423 1282 2517; baseline 0.004 -18"><span class='ocrx_word' id='word_1_202' title='bbox 258 2445 339 2499; x_wconf 87' lang='lat' dir='ltr'>tarat</span> <span class='ocrx_word' id='word_1_203' title='bbox 369 2423 401 2494; x_wconf 84' lang='lat' dir='ltr'>se</span> <span class='ocrx_word' id='word_1_204' title='bbox 465 2431 548 2494; x_wconf 87' lang='lat' dir='ltr'>icero</span> <span class='ocrx_word' id='word_1_205' title='bbox 574 2423 694 2511; x_wconf 84' lang='lat' dir='ltr'>semper</span> <span class='ocrx_word' id='word_1_206' title='bbox 721 2423 935 2496; x_wconf 82' lang='lat' dir='ltr'>amicisfintmn</span> <span class='ocrx_word' id='word_1_207' title='bbox 964 2433 1065 2501; x_wconf 88' lang='lat' dir='ltr'>ordini</span> <span class='ocrx_word' id='word_1_208' title='bbox 1097 2434 1282 2517; x_wconf 74' lang='lat' dir='ltr'>publicano·</span> 
     </span>
     <span class='ocr_line' id='line_1_26' title="bbox 255 2509 1279 2602; baseline 0.008 -22"><span class='ocrx_word' id='word_1_209' title='bbox 255 2533 355 2580; x_wconf 87' lang='lat' dir='ltr'>rum:</span> <span class='ocrx_word' id='word_1_210' title='bbox 384 2513 414 2588; x_wconf 74' lang='lat' dir='ltr'>dt</span> <span class='ocrx_word' id='word_1_211' title='bbox 449 2513 565 2594; x_wconf 76' lang='lat' dir='ltr'>semper</span> <span class='ocrx_word' id='word_1_212' title='bbox 595 2511 671 2576; x_wconf 87' lang='lat' dir='ltr'>item</span> <span class='ocrx_word' id='word_1_213' title='bbox 696 2509 813 2578; x_wconf 87' lang='lat' dir='ltr'>servire</span> <span class='ocrx_word' id='word_1_214' title='bbox 841 2509 1014 2583; x_wconf 84' lang='lat' dir='ltr'>instituerat</span> <span class='ocrx_word' id='word_1_215' title='bbox 1038 2519 1279 2602; x_wconf 77' lang='lat' dir='ltr'>provincialium</span> 
     </span>
     <span class='ocr_line' id='line_1_27' title="bbox 258 2595 1287 2686; baseline 0.006 -22"><span class='ocrx_word' id='word_1_216' title='bbox 258 2597 443 2664; x_wconf 84' lang='lat' dir='ltr'>commodis.</span> <span class='ocrx_word' id='word_1_217' title='bbox 486 2595 608 2676; x_wconf 87' lang='lat' dir='ltr'>Nunc,</span> <span class='ocrx_word' id='word_1_218' title='bbox 630 2614 701 2660; x_wconf 90' lang='lat' dir='ltr'>cum</span> <span class='ocrx_word' id='word_1_219' title='bbox 717 2597 797 2662; x_wconf 84' lang='lat' dir='ltr'>inter</span> <span class='ocrx_word' id='word_1_220' title='bbox 813 2596 1004 2666; x_wconf 84' lang='lat' dir='ltr'>decumanos</span> <span class='ocrx_word' id='word_1_221' title='bbox 1029 2601 1287 2686; x_wconf 70' lang='lat' dir='ltr'>&amp;provinciales</span> 
     </span>
     <span class='ocr_line' id='line_1_28' title="bbox 262 2678 1285 2768; baseline 0.01 -21"><span class='ocrx_word' id='word_1_222' title='bbox 262 2682 344 2747; x_wconf 84' lang='lat' dir='ltr'>male</span> <span class='ocrx_word' id='word_1_223' title='bbox 365 2679 571 2758; x_wconf 87' lang='lat' dir='ltr'>conveniret,</span> <span class='ocrx_word' id='word_1_224' title='bbox 593 2678 764 2760; x_wconf 73' lang='lat' dir='ltr'>periculum</span> <span class='ocrx_word' id='word_1_225' title='bbox 789 2698 871 2762; x_wconf 88' lang='lat' dir='ltr'>erat,</span> <span class='ocrx_word' id='word_1_226' title='bbox 916 2685 1042 2768; x_wconf 88' lang='lat' dir='ltr'>uicquid</span> <span class='ocrx_word' id='word_1_227' title='bbox 1058 2689 1207 2756; x_wconf 83' lang='lat' dir='ltr'>intereos</span> <span class='ocrx_word' id='word_1_228' title='bbox 1224 2690 1285 2757; x_wconf 79' lang='lat' dir='ltr'>de-</span> 
     </span>
     <span class='ocr_line' id='line_1_29' title="bbox 260 2703 1277 2848; baseline 0.008 -17"><span class='ocrx_word' id='word_1_229' title='bbox 260 2763 413 2831; x_wconf 83' lang='lat' dir='ltr'>crevisset</span> <span class='ocrx_word' id='word_1_230' title='bbox 433 2764 463 2834; x_wconf 87' lang='lat' dir='ltr'>ia</span> <span class='ocrx_word' id='word_1_231' title='bbox 484 2761 646 2848; x_wconf 86' lang='lat' dir='ltr'>provincia</span> <span class='ocrx_word' id='word_1_232' title='bbox 674 2761 742 2840; x_wconf 87' lang='lat' dir='ltr'>saa,</span> <span class='ocrx_word' id='word_1_233' title='bbox 766 2781 806 2830; x_wconf 88' lang='lat' dir='ltr'>ne</span> <span class='ocrx_word' id='word_1_234' title='bbox 828 2765 858 2837; x_wconf 92' lang='lat' dir='ltr'>in</span> <span class='ocrx_word' id='word_1_235' title='bbox 882 2703 1051 2836; x_wconf 36' lang='lat' dir='ltr'>tatarorum</span> <span class='ocrx_word' id='word_1_236' title='bbox 1066 2769 1277 2846; x_wconf 84' lang='lat' dir='ltr'>offenfionear</span> 
     </span>
     <span class='ocr_line' id='line_1_30' title="bbox 202 2842 1283 2940; baseline 0.01 -27"><span class='ocrx_word' id='word_1_237' title='bbox 202 2891 206 2896; x_wconf 91' lang='lat'>-</span> <span class='ocrx_word' id='word_1_238' title='bbox 256 2851 441 2924; x_wconf 76' lang='lat' dir='ltr'>incurreret.</span> <span class='ocrx_word' id='word_1_239' title='bbox 487 2847 541 2912; x_wconf 88' lang='lat' dir='ltr'>Ait</span> <span class='ocrx_word' id='word_1_240' title='bbox 564 2845 687 2930; x_wconf 85' lang='lat' dir='ltr'>igitur,</span> <span class='ocrx_word' id='word_1_241' title='bbox 718 2842 750 2910; x_wconf 88' lang='lat' dir='ltr'>se</span> <span class='ocrx_word' id='word_1_242' title='bbox 773 2844 898 2916; x_wconf 83' lang='lat' dir='ltr'>usurum</span> <span class='ocrx_word' id='word_1_243' title='bbox 923 2870 959 2918; x_wconf 85' lang='lat' dir='ltr'>ea</span> <span class='ocrx_word' id='word_1_244' title='bbox 982 2855 1154 2937; x_wconf 77' lang='lat' dir='ltr'>palaestra,</span> <span class='ocrx_word' id='word_1_245' title='bbox 1185 2877 1283 2940; x_wconf 80' lang='lat' dir='ltr'>quam</span> 
     </span>
     <span class='ocr_line' id='line_1_31' title="bbox 260 2925 1286 3028; baseline 0.009 -27"><span class='ocrx_word' id='word_1_246' title='bbox 260 2935 300 3001; x_wconf 87' lang='lat' dir='ltr'>ab</span> <span class='ocrx_word' id='word_1_247' title='bbox 328 2931 437 3000; x_wconf 80' lang='lat' dir='ltr'>Attico</span> <span class='ocrx_word' id='word_1_248' title='bbox 464 2929 627 2996; x_wconf 84' lang='lat' dir='ltr'>didicerat.</span> <span class='ocrx_word' id='word_1_249' title='bbox 664 2925 772 3002; x_wconf 87' lang='lat' dir='ltr'>Multa</span> <span class='ocrx_word' id='word_1_250' title='bbox 799 2933 898 3000; x_wconf 87' lang='lat' dir='ltr'>sciens</span> <span class='ocrx_word' id='word_1_251' title='bbox 916 2941 1154 3022; x_wconf 83' lang='lat' dir='ltr'>praetermitto:</span> <span class='ocrx_word' id='word_1_252' title='bbox 1176 2961 1286 3028; x_wconf 84' lang='lat' dir='ltr'>neque</span> 
     </span>
     <span class='ocr_line' id='line_1_32' title="bbox 266 3013 1286 3164; baseline 0.011 -86"><span class='ocrx_word' id='word_1_253' title='bbox 266 3019 348 3088; x_wconf 79' lang='lat' dir='ltr'>enim</span> <span class='ocrx_word' id='word_1_254' title='bbox 372 3016 476 3084; x_wconf 87' lang='lat' dir='ltr'>omnia</span> <span class='ocrx_word' id='word_1_255' title='bbox 505 3013 568 3084; x_wconf 90' lang='lat' dir='ltr'>huc</span> <span class='ocrx_word' id='word_1_256' title='bbox 586 3033 756 3164; x_wconf 48' lang='lat' dir='ltr'>congerere</span> <span class='ocrx_word' id='word_1_257' title='bbox 775 3017 913 3085; x_wconf 78' lang='lat' dir='ltr'>decrevi.</span> <span class='ocrx_word' id='word_1_258' title='bbox 958 3019 992 3092; x_wconf 85' lang='lat' dir='ltr'>ia</span> <span class='ocrx_word' id='word_1_259' title='bbox 1010 3023 1156 3110; x_wconf 79' lang='lat' dir='ltr'>epistola,</span> <span class='ocrx_word' id='word_1_260' title='bbox 1212 3049 1286 3094; x_wconf 67' lang='lat' dir='ltr'>aaa</span> 
     </span>
     <span class='ocr_line' id='line_1_33' title="bbox 264 3099 1280 3196; baseline 0.006 -34"><span class='ocrx_word' id='word_1_261' title='bbox 264 3102 370 3166; x_wconf 62' lang='lat' dir='ltr'>«vatem</span> <span class='ocrx_word' id='word_1_262' title='bbox 383 3146 394 3181; x_wconf 93' lang='lat'>,</span> <span class='ocrx_word' id='word_1_263' title='bbox 423 3101 465 3166; x_wconf 85' lang='lat' dir='ltr'>ita</span> <span class='ocrx_word' id='word_1_264' title='bbox 488 3099 619 3183; x_wconf 81' lang='lat' dir='ltr'>legitur:</span> <span class='ocrx_word' id='word_1_265' title='bbox 670 3111 766 3172; x_wconf 86' lang='lat' dir='ltr'>tamus</span> <span class='ocrx_word' id='word_1_266' title='bbox 791 3105 926 3173; x_wconf 83' lang='lat' dir='ltr'>animis:</span> <span class='ocrx_word' id='word_1_267' title='bbox 950 3106 1006 3187; x_wconf 61' lang='grc' dir='ltr'>ὅ,</span> <span class='ocrx_word' id='word_1_268' title='bbox 1025 3111 1100 3193; x_wconf 79' lang='lat' dir='ltr'>quia</span> <span class='ocrx_word' id='word_1_269' title='bbox 1122 3113 1199 3196; x_wconf 65' lang='lat' dir='ltr'>confi</span> <span class='ocrx_word' id='word_1_270' title='bbox 1212 3118 1280 3187; x_wconf 66' lang='lat' dir='ltr'>iis,</span> 
     </span>
     <span class='ocr_line' id='line_1_34' title="bbox 255 3183 1283 3275; baseline 0.016 -27"><span class='ocrx_word' id='word_1_271' title='bbox 255 3199 300 3254; x_wconf 71' lang='lat' dir='ltr'>‘ut</span> <span class='ocrx_word' id='word_1_272' title='bbox 321 3184 474 3264; x_wconf 75' lang='lat' dir='ltr'>uidemur,</span> <span class='ocrx_word' id='word_1_273' title='bbox 504 3187 586 3250; x_wconf 83' lang='lat' dir='ltr'>ironis</span> <span class='ocrx_word' id='word_1_274' title='bbox 608 3186 741 3262; x_wconf 75' lang='lat' dir='ltr'>utimar,</span> <span class='ocrx_word' id='word_1_275' title='bbox 767 3183 927 3271; x_wconf 79' lang='lat' dir='ltr'>speraram</span> <span class='ocrx_word' id='word_1_276' title='bbox 957 3196 1049 3259; x_wconf 79' lang='lat' dir='ltr'>eiiam</span> <span class='ocrx_word' id='word_1_277' title='bbox 1071 3215 1182 3275; x_wconf 71' lang='lat' dir='ltr'>manete</span> <span class='ocrx_word' id='word_1_278' title='bbox 1214 3211 1283 3266; x_wconf 83' lang='lat' dir='ltr'>tute</span> 
     </span>
     <span class='ocr_line' id='line_1_35' title="bbox 266 3265 1287 3368; baseline 0.016 -34"><span class='ocrx_word' id='word_1_279' title='bbox 266 3267 467 3353; x_wconf 71' lang='lat' dir='ltr'>consedimus,</span> <span class='ocrx_word' id='word_1_280' title='bbox 490 3265 604 3352; x_wconf 74' lang='lat' dir='ltr'>eopiosa</span> <span class='ocrx_word' id='word_1_281' title='bbox 633 3287 651 3334; x_wconf 91' lang='lat' dir='ltr'>a</span> <span class='ocrx_word' id='word_1_282' title='bbox 664 3265 841 3350; x_wconf 78' lang='lat' dir='ltr'>frumenta,</span> <span class='ocrx_word' id='word_1_283' title='bbox 866 3273 1011 3342; x_wconf 81' lang='lat' dir='ltr'>Ciliciam</span> <span class='ocrx_word' id='word_1_284' title='bbox 1023 3291 1150 3365; x_wconf 79' lang='lat' dir='ltr'>propat</span> <span class='ocrx_word' id='word_1_285' title='bbox 1202 3287 1287 3368; x_wconf 80' lang='lat' dir='ltr'>piei·</span> 
     </span>
     <span class='ocr_line' id='line_1_36' title="bbox 270 3339 1287 3453; baseline 0.001 -33"><span class='ocrx_word' id='word_1_286' title='bbox 270 3369 355 3432; x_wconf 84' lang='lat' dir='ltr'>ente,</span> <span class='ocrx_word' id='word_1_287' title='bbox 377 3351 515 3437; x_wconf 61' lang='lat' dir='ltr'>expedita</span> <span class='ocrx_word' id='word_1_288' title='bbox 535 3339 761 3424; x_wconf 76' lang='lat' dir='ltr'>adrnrrtaadrtm</span> <span class='ocrx_word' id='word_1_289' title='bbox 776 3357 882 3430; x_wconf 80' lang='lat' dir='ltr'>letam.</span> <span class='ocrx_word' id='word_1_290' title='bbox 923 3355 986 3428; x_wconf 75' lang='lat' dir='ltr'>Sed</span> <span class='ocrx_word' id='word_1_291' title='bbox 1005 3379 1109 3448; x_wconf 82' lang='lat' dir='ltr'>neque</span> <span class='ocrx_word' id='word_1_292' title='bbox 1120 3365 1176 3433; x_wconf 82' lang='lat' dir='ltr'>illu</span> <span class='ocrx_word' id='word_1_293' title='bbox 1210 3367 1287 3453; x_wconf 62' lang='lat' dir='ltr'>spe.</span> 
     </span>
     <span class='ocr_line' id='line_1_37' title="bbox 269 3435 1289 3538; baseline 0.005 -37"><span class='ocrx_word' id='word_1_294' title='bbox 269 3457 341 3506; x_wconf 84' lang='lat' dir='ltr'>rare</span> <span class='ocrx_word' id='word_1_295' title='bbox 368 3456 476 3512; x_wconf 83' lang='lat' dir='ltr'>mana,</span> <span class='ocrx_word' id='word_1_296' title='bbox 499 3435 585 3500; x_wconf 75' lang='lat' dir='ltr'>reme</span> <span class='ocrx_word' id='word_1_297' title='bbox 606 3435 668 3501; x_wconf 82' lang='lat' dir='ltr'>dici</span> <span class='ocrx_word' id='word_1_298' title='bbox 684 3437 832 3508; x_wconf 80' lang='lat' dir='ltr'>arbitrare</span> <span class='ocrx_word' id='word_1_299' title='bbox 854 3443 954 3510; x_wconf 76' lang='lat' dir='ltr'>&amp;itia</span> <span class='ocrx_word' id='word_1_300' title='bbox 972 3461 1036 3520; x_wconf 76' lang='lat' dir='ltr'>tarn</span> <span class='ocrx_word' id='word_1_301' title='bbox 1048 3449 1289 3538; x_wconf 56' lang='lat' dir='ltr'>muitaepithfl.</span> 
     </span>
     <span class='ocr_line' id='line_1_38' title="bbox 270 3517 1292 3616; baseline 0.006 -16"><span class='ocrx_word' id='word_1_302' title='bbox 270 3539 321 3600; x_wconf 74' lang='lat' dir='ltr'>tt,</span> <span class='ocrx_word' id='word_1_303' title='bbox 343 3533 426 3598; x_wconf 77' lang='lat' dir='ltr'>earo,</span> <span class='ocrx_word' id='word_1_304' title='bbox 453 3517 567 3607; x_wconf 75' lang='lat' dir='ltr'>coptam</span> <span class='ocrx_word' id='word_1_305' title='bbox 590 3519 805 3610; x_wconf 80' lang='lat' dir='ltr'>esrummm,</span> <span class='ocrx_word' id='word_1_306' title='bbox 827 3525 1210 3616; x_wconf 68' lang='lat' dir='ltr'>comparandarum,</span> <span class='ocrx_word' id='word_1_307' title='bbox 1233 3559 1292 3606; x_wconf 76' lang='lat' dir='ltr'>er-</span> 
     </span>
     <span class='ocr_line' id='line_1_39' title="bbox 268 3605 1294 3713; baseline 0.018 -45"><span class='ocrx_word' id='word_1_308' title='bbox 268 3607 392 3688; x_wconf 75' lang='lat' dir='ltr'>peditur</span> <span class='ocrx_word' id='word_1_309' title='bbox 412 3625 483 3674; x_wconf 88' lang='lat' dir='ltr'>cum</span> <span class='ocrx_word' id='word_1_310' title='bbox 500 3625 565 3687; x_wconf 86' lang='lat' dir='ltr'>quo</span> <span class='ocrx_word' id='word_1_311' title='bbox 581 3605 788 3688; x_wconf 78' lang='lat' dir='ltr'>cohaereant,</span> <span class='ocrx_word' id='word_1_312' title='bbox 810 3629 874 3678; x_wconf 94' lang='lat' dir='ltr'>non</span> <span class='ocrx_word' id='word_1_313' title='bbox 901 3612 1028 3681; x_wconf 85' lang='lat' dir='ltr'>habent.</span> <span class='ocrx_word' id='word_1_314' title='bbox 1072 3617 1178 3713; x_wconf 87' lang='lat' dir='ltr'>Quid,</span> <span class='ocrx_word' id='word_1_315' title='bbox 1200 3627 1294 3706; x_wconf 83' lang='lat' dir='ltr'>qaod</span> 
     </span>
     <span class='ocr_line' id='line_1_40' title="bbox 267 3689 1297 3840; baseline 0.003 -68"><span class='ocrx_word' id='word_1_316' title='bbox 267 3691 311 3757; x_wconf 64' lang='grc' dir='ltr'>ΠΗ</span> <span class='ocrx_word' id='word_1_317' title='bbox 338 3689 389 3774; x_wconf 67' lang='grc' dir='ltr'>ῙΡΠ</span> <span class='ocrx_word' id='word_1_318' title='bbox 416 3691 469 3772; x_wconf 69' lang='lat' dir='ltr'>&lt;issi</span> <span class='ocrx_word' id='word_1_319' title='bbox 493 3689 537 3762; x_wconf 70' lang='lat' dir='ltr'>iia</span> <span class='ocrx_word' id='word_1_320' title='bbox 561 3690 696 3840; x_wconf 38' lang='lat'>¹⁰5⁰&amp;</span> <span class='ocrx_word' id='word_1_321' title='bbox 724 3689 891 3778; x_wconf 84' lang='lat' dir='ltr'>fatentur,</span> <span class='ocrx_word' id='word_1_322' title='bbox 912 3695 954 3767; x_wconf 71' lang='lat' dir='ltr'>,se</span> <span class='ocrx_word' id='word_1_323' title='bbox 980 3700 1043 3768; x_wconf 90' lang='lat' dir='ltr'>hoc</span> <span class='ocrx_word' id='word_1_324' title='bbox 1072 3707 1297 3792; x_wconf 74' lang='lat' dir='ltr'>excogitasse,</span> 
     </span>
     <span class='ocr_line' id='line_1_41' title="bbox 269 3773 1295 3862; baseline 0.02 -20"><span class='ocrx_word' id='word_1_325' title='bbox 269 3792 342 3848; x_wconf 86' lang='lat' dir='ltr'>eum</span> <span class='ocrx_word' id='word_1_326' title='bbox 371 3775 401 3840; x_wconf 88' lang='lat' dir='ltr'>in</span> <span class='ocrx_word' id='word_1_327' title='bbox 424 3773 558 3858; x_wconf 86' lang='lat' dir='ltr'>antiquis</span> <span class='ocrx_word' id='word_1_328' title='bbox 600 3775 672 3842; x_wconf 91' lang='lat' dir='ltr'>tbns</span> <span class='ocrx_word' id='word_1_329' title='bbox 693 3795 815 3844; x_wconf 85' lang='lat' dir='ltr'>extaret</span> <span class='ocrx_word' id='word_1_330' title='bbox 838 3779 945 3848; x_wconf 81' lang='lat' dir='ltr'>aliud?</span> <span class='ocrx_word' id='word_1_331' title='bbox 967 3781 1016 3852; x_wconf 86' lang='lat' dir='ltr'>Illi</span> <span class='ocrx_word' id='word_1_332' title='bbox 1039 3788 1123 3858; x_wconf 84' lang='lat' dir='ltr'>eninr</span> <span class='ocrx_word' id='word_1_333' title='bbox 1151 3790 1295 3862; x_wconf 82' lang='lat' dir='ltr'>habent:</span> 
     </span>
     <span class='ocr_line' id='line_1_42' title="bbox 270 3859 1296 3950; baseline 0.011 -29"><span class='ocrx_word' id='word_1_334' title='bbox 270 3859 392 3930; x_wconf 71' lang='lat' dir='ltr'>Stemus</span> <span class='ocrx_word' id='word_1_335' title='bbox 419 3862 560 3932; x_wconf 78' lang='lat' dir='ltr'>areimis:</span> <span class='ocrx_word' id='word_1_336' title='bbox 589 3859 626 3938; x_wconf 60' lang='grc' dir='ltr'>ἐπ’</span> <span class='ocrx_word' id='word_1_337' title='bbox 654 3865 728 3946; x_wconf 79' lang='lat' dir='ltr'>quia</span> <span class='ocrx_word' id='word_1_338' title='bbox 762 3862 928 3950; x_wconf 80' lang='lat' dir='ltr'>confilir&#39;s,</span> <span class='ocrx_word' id='word_1_339' title='bbox 957 3881 992 3936; x_wconf 84' lang='lat' dir='ltr'>tet</span> <span class='ocrx_word' id='word_1_340' title='bbox 1015 3874 1167 3942; x_wconf 70' lang='lat' dir='ltr'>videmur.</span> <span class='ocrx_word' id='word_1_341' title='bbox 1201 3881 1296 3946; x_wconf 61' lang='lat' dir='ltr'>boam</span> 
     </span>
     <span class='ocr_line' id='line_1_43' title="bbox 265 3940 1298 4050; baseline 0.008 -30"><span class='ocrx_word' id='word_1_342' title='bbox 265 3953 409 4034; x_wconf 71' lang='lat' dir='ltr'>utentur,</span> <span class='ocrx_word' id='word_1_343' title='bbox 435 3940 593 4042; x_wconf 77' lang='lat' dir='ltr'>speratae</span> <span class='ocrx_word' id='word_1_344' title='bbox 617 3949 709 4022; x_wconf 74' lang='lat' dir='ltr'>raian</span> <span class='ocrx_word' id='word_1_345' title='bbox 735 3965 811 4024; x_wconf 83' lang='lat' dir='ltr'>erar</span> <span class='ocrx_word' id='word_1_346' title='bbox 836 3963 900 4024; x_wconf 83' lang='lat' dir='ltr'>atr</span> <span class='ocrx_word' id='word_1_347' title='bbox 920 3951 1102 4050; x_wconf 64' lang='lat' dir='ltr'>confidemus</span> <span class='ocrx_word' id='word_1_348' title='bbox 1129 3961 1248 4050; x_wconf 73' lang='lat' dir='ltr'>erpiofh</span> <span class='ocrx_word' id='word_1_349' title='bbox 1273 3985 1298 4040; x_wconf 67' lang='lat' dir='ltr'>a</span> 
     </span>
    </p>
   </div>
   <div class='ocr_carea' id='block_1_3' title="bbox 1216 4047 1302 4136">
    <p class='ocr_par' dir='ltr' id='par_1_3' title="bbox 1216 4047 1302 4136">
     <span class='ocr_line' id='line_1_44' title="bbox 1216 4047 1302 4136; baseline 0.023 -14"><span class='ocrx_word' id='word_1_350' title='bbox 1216 4047 1302 4136; x_wconf 78' lang='lat' dir='ltr'>sra-</span> 
     </span>
    </p>
   </div>
   <div class='ocr_carea' id='block_1_4' title="bbox 0 0 1395 4910">
    <p class='ocr_par' dir='ltr' id='par_1_4' title="bbox 0 0 1395 4910">
     <span class='ocr_line' id='line_1_45' title="bbox 0 0 1395 4910; baseline 0 0"><span class='ocrx_word' id='word_1_351' title='bbox 0 0 1395 4910; x_wconf 95' lang='lat' dir='ltr'> </span> 
     </span>
    </p>
   </div>
  </div>
 </body>
</html>
