2748 4888
245 416 269 486 4
408 352 1108 469 nr.nnnrrr

249 564 510 666 patefaciendum
524 565 684 664 putans,
717 565 799 658 quod
820 565 866 638 od
890 583 928 642 tev
944 568 982 640 de
1000 593 1071 644 anea
1092 595 1171 667 erga
1196 571 1276 645 illor

251 685 432 760 incredibili
457 683 643 769 uoluntate,
667 684 747 752 meir
762 675 1074 781 sortassescriptir,
1101 686 1143 771 [i
1159 688 1278 762 aeolicis

252 805 293 875 ele
317 825 366 872 nne
379 793 573 896 sarnmorunr
599 795 756 868 ΙιιιιιΙιιιιιιι
782 795 943 870 concitata
955 781 1158 900 sermonibus
1170 787 1277 900 sainna

248 934 458 1017 peruenerat:
486 917 556 1010 quis
577 937 629 986 nce
639 908 815 1006 serendum
838 929 952 1010 putet,
976 915 1149 1024 nfiquont
1169 917 1207 996 de
1223 943 1279 994 me

253 1038 427 1131 opinionem
454 1027 616 1124 ioreogoito
641 1025 744 1102 adbuc
767 1020 809 1112 &³
830 1027 1181 1130 obseuteconceperar‚
1205 1059 1279 1111 eam

250 1150 403 1250 praesens
428 1145 494 1245 ipse
521 1169 603 1221 ιιιιιιι
598 1143 757 1274 studio,
792 1150 935 1242 cunique
953 1155 1091 1245 corporis
1114 1149 1157 1236 δ’
1176 1156 1284 1226 animi

253 1271 454 1341 contentione
477 1259 683 1371 confirmem?
698 1233 806 1334 lta
795 1264 898 1358 agitur
907 1251 1023 1356 sa'cio.
1050 1291 1182 1363 quarunt
1197 1272 1283 1343 arti-

255 1411 306 1458 urn
323 1382 506 1482 singularis
526 1377 725 1477 pulchritudo
747 1395 883 1454 ruentem
898 1407 1022 1484 meam,
1046 1409 1143 1480 usque
1160 1407 1281 1484 upue-

254 1529 310 1593 ro,
342 1499 529 1574 admirabili
555 1501 687 1591 quodam
709 1494 763 1594 sui
792 1494 943 1589 defiderio
972 1503 1182 1592 incenderat,
1221 1526 1283 1577 eas

242 1619 338 1720 «uacca
368 1621 492 1692 denrouen
517 1615 667 1712 beneficio
692 1632 746 1688 toro
766 1617 844 1690 obite
867 1621 1010 1693 nrntbus
1033 1615 1216 1713 cueissolut
1218 1641 1284 1710 uc,

252 1729 482 1834 magno&al
480 1733 550 1804 acri
566 1736 672 1806 anieno
685 1723 835 1832 perseq
797 1753 868 1803 uor:
867 1757 991 1836 neque
999 1733 1085 1832 sane
1098 1738 1259 1808 coocrnitto

252 1872 290 1928 ut
317 1857 370 1952 qui
399 1878 467 1930 nne
481 1853 540 1928 tibi
564 1839 716 1946 tanquan
738 1825 892 1924 boeninenr
917 1839 964 1934 &-
979 1875 1040 1922 nort
1063 1852 1283 1944 ineruditum,

252 1967 296 2056 δ’
308 1971 493 2045 eruditionis
509 1993 548 2040 aa
564 1970 724 2040 dolirruae
730 1964 764 2059 s
766 1959 987 2057 trenteastmum
1000 1975 1282 2065 coronandorum,

252 2113 323 2162 curn
352 2089 385 2158 in
410 2087 465 2159 illo
491 2091 593 2183 priore
619 2081 809 2180 indulserint
832 2085 932 2154 amori
965 2107 1044 2181 erga
1065 2113 1115 2160 me
1130 2093 1214 2184 suo,
1239 2093 1277 2162 iu

244 2205 308 2278 'boc
329 2207 426 2276 etiam
450 2205 552 2275 altero
574 2203 674 2276 eidem
703 2197 860 2296 obsecuti,
883 2223 923 2272 ac
947 2208 1131 2300 conpatitur
1148 2205 1280 2300 idquod

257 2323 457 2438 euploraturn
478 2321 653 2412 baberent,
679 2340 752 2394 nere
769 2319 855 2414 opud
871 2335 903 2392 te
927 2315 1038 2416 testati
1058 2317 1125 2416 esse
1142 2321 1278 2394 nidron-

257 2431 329 2513 tur.
363 2441 444 2536 quod
469 2463 540 2512 cum
560 2375 679 2534 sacili,
703 2440 860 2532 priunum,
884 2461 942 2532 quo
969 2437 1054 2510 uilril
1072 2433 1279 2534 dulciuaesl,

255 2557 343 2630 uilrt'l
362 2556 565 2650 optabilius,
607 2570 744 2626 natutae
780 2575 870 2623 meae
901 2547 1132 2647 propensouem
1151 2549 1282 2648 siquor.

168 2701 172 2710 ·
259 2674 343 2750 Vere
368 2675 451 2744 enirn
467 2671 523 2742 broc
538 2673 599 2740 tibi
614 2665 780 2763 affirmare
792 2661 944 2760 possum,
962 2663 996 2758 st
1018 2671 1088 2762 quis
1105 2669 1185 2742 ιιιΙΙιΙ
1201 2671 1280 2742 deus

136 2843 141 2852 ·
257 2815 363 2866 omues
385 2809 475 2886 opes,
505 2786 609 2871 omnia
633 2783 810 2871 commoda,
835 2803 956 2854 ornnem
975 2787 1152 2880 potentiam
1166 2805 1280 2882 propo·

257 2923 341 2996 etot,
374 2930 413 2980 ea
446 2905 515 3002 lege
546 2928 585 2977 ac
617 2901 824 2991 conditione,
856 2915 891 2971 ut
907 2897 1017 2996 senoel
1029 2901 1181 3000 deponam
1203 2903 1317 2976 baec·

249 3024 386 3124 fludio,
413 3017 455 3105 ΕΙ
478 3022 537 3094 leae
555 3043 616 3117 qna
618 3015 752 3116 lqescum
754 3043 792 3092 ue
817 3017 1000 3107 litterulas,
1024 3019 1155 3093 altrices
1176 3021 1283 3092 adole·
1313 3034 1316 3043 ·

248 3123 518 3253 scentioeeneae,¹
534 3135 711 3234 fidisfinrac
731 3159 870 3210 cneorum
885 3140 1029 3250 omniurn
1044 3155 1216 3236 temporum
1233 3159 1282 3210 ca·

256 3261 353 3330 nutes
379 3245 547 3354 desecanti.
575 3275 734 3350 uunquam
764 3249 968 3348 idsuciaot:
993 3281 1090 3354 neque
1115 3258 1281 3352 quicquam

259 3375 346 3466 tanti
370 3369 437 3471 ease
456 3372 590 3460 ducatu,
615 3371 695 3468 quod
715 3375 831 3446 meteri
853 3371 947 3444 uelint
958 3423 975 3463 ‚
998 3389 1035 3447 ut
1060 3367 1281 3473 asnonisstmo

259 3515 368 3565 eorunm
399 3488 551 3585 amplexu
575 3483 617 3572 ΕΙ
641 3490 844 3562 contubernio
874 3489 1044 3581 abducar.
1084 3510 1203 3585 quare,
1242 3505 1280 3561 ut

258 3610 351 3695 dixi,
374 3629 445 3678 cum
467 3607 502 3678 iu
529 3628 584 3677 eus
611 3621 675 3678 toto
698 3609 822 3701 pedore
848 3610 1011 3699 incumbo,
1034 3623 1169 3680 naturae
1192 3595 1283 3678 cuiae

258 3741 376 3820 poteo:
402 3721 493 3816 idque
498 3718 616 3815 socio,
640 3723 722 3817 quod
730 3719 892 3818 fisccere
907 3739 1050 3814 uetaret,
1074 3725 1207 3800 vitalem
1223 3727 1283 3798 roi·

258 3843 293 3916 lu'
320 3839 387 3938 esse
420 3841 521 3912 uitam
550 3861 609 3910 non
631 3856 802 3936 putorem.
836 3839 978 3932 deiude,
1010 3865 1069 3936 quo
1096 3843 1175 3918 ιιιὶΙιΙ
1201 3841 1286 3914 nibil
1343 3845 1364 3952 θ’

255 3961 349 4060 ptius
373 3979 414 4034 ιι
433 3959 543 4053 potius
567 3979 664 4056 tthue
691 3953 757 4058 tsi,
782 3979 878 4052 neque
902 3955 970 4056 esse
987 3959 1096 4054 debet,
1124 3959 1283 4037 uoluntati
1361 4049 1363 4062 Ι

1207 4091 1284 4146 illue
1355 4090 1362 4156 Ῑ
