2802 4920
201 349 349 434 ,ηε
482 328 538 410 M.
613 327 659 408 ll.¹
735 325 1089 407 Munera

292 501 366 595 quis
376 509 466 592 putat
480 499 565 566 idern
577 511 654 564 ¹tarro
670 495 728 563 llio
745 493 846 562 altero
861 491 951 575 eale,
972 481 1178 576 longeerrat.
1191 512 1321 586 egoen-

291 611 386 672 ιω,
409 585 519 670 liquit
535 596 665 668 quaem
685 591 727 648 er
743 599 814 660 me,
836 595 902 666 quo
914 579 946 646 in
960 591 1078 666 genere
1099 581 1246 662 caussae,
1270 601 1321 650 aut

292 669 528 744 annotarunt
547 670 585 733 lit
600 679 636 734 ea
657 665 783 747 oratio,
804 685 866 750 qua
910 667 1056 732 uotannis
1071 668 1149 738 olim
1164 686 1247 750 eos,
1270 669 1322 756 qui

291 782 355 852 pro
374 760 473 845 patria
492 753 728 833 occubuerant,
746 683 1016 818 Athenisffaudari
1035 769 1106 818 mos
1121 771 1208 820 erat:
1232 756 1325 840 plane

296 841 514 930 respondebo,
534 838 566 904 in
588 837 697 906 nullo.
719 835 803 902 nulla
824 836 907 900 enirn
927 835 971 900 ibi
995 853 1101 919 neque
1118 837 1247 914 mursa,
1272 857 1323 906 ne.

297 945 362 1017 que
381 921 598 993 controverfia
624 919 684 987 est:
703 935 808 1006 neque
829 924 997 1018 quicquam
1016 920 1140 1006 dequo
1156 925 1322 1008 quisquam

293 1008 571 1082 controversatum
593 1007 623 1074 u
640 1021 779 1071 tamen-e
795 1005 936 1075 Platonas
950 1003 1192 1092 Aristotelisque
1205 1007 1325 1075 doun·

294 1120 336 1168 na
361 1113 438 1162 vere
464 1092 529 1160 diti
557 1087 678 1175 potest,
713 1087 779 1154 asse
804 1087 883 1171 ,llo
909 1087 1068 1164 imina&
1093 1097 1222 1170 ῥωμη·
1241 1102 1325 1166 κῃ.

297 1185 355 1252 Tu
375 1193 455 1247 vero
473 1175 529 1264 qui
550 1190 708 1240 oratorem
727 1173 874 1257 Hippiam
893 1173 1054 1258 quendam
1071 1177 1206 1246 nvom
1221 1171 1322 1257 facim

293 1275 413 1356 quaero
436 1271 477 1332 ex
501 1276 557 1338 te,
592 1278 664 1327 cum
692 1258 746 1324 ille
768 1259 809 1324 de
828 1275 1000 1340 corporum
1020 1257 1200 1326 caelestium
1222 1259 1321 1326 moti·

290 1353 375 1432 llus,
397 1345 640 1431 aldigerum,
662 1339 958 1410 deterraemotious
972 1343 1158 1442 disputabit:
1174 1342 1326 1428 (quando

293 1441 374 1508 llaec
397 1449 527 1520 quoque
543 1431 581 1496 ad
602 1448 714 1497 munau
733 1427 816 1494 illius
911 1427 998 1496 inere
1022 1429 1097 1516 vrs)
1118 1433 1149 1496 in
1167 1447 1232 1514 quo
1247 1427 1324 1494 isto·

293 1531 369 1610 rum
389 1521 483 1586 trium
504 1530 653 1602 generum
677 1530 748 1579 eum
767 1531 825 1580 ver
839 1511 882 1577 ari
896 1512 1014 1579 diceri
1031 1531 1138 1596 neque
1154 1515 1237 1580 enim
1253 1529 1322 1580 tum

292 1606 452 1681 laudabit,
474 1617 578 1685 neque
597 1597 809 1683 vituperabit,
832 1613 937 1680 neque
956 1594 1121 1679 suadebit,
1141 1615 1246 1683 neque
1262 1597 1324 1663 dit·

293 1690 453 1765 suadebit,
483 1697 588 1770 neque
608 1682 787 1762 accusabit,
814 1699 918 1766 neque
934 1681 1103 1748 defendet.
1141 1697 1174 1748 at
1192 1700 1235 1749 ne
1253 1683 1323 1748 lon

192 1841 195 1850 ,
292 1777 364 1860 gius
375 1769 519 1854 exempla
530 1783 726 1866 repetamus:
748 1767 766 1848 (
773 1781 898 1850 tempus
913 1765 959 1833 est
974 1767 1079 1848 enirn,
1094 1781 1148 1847 ut,
1164 1765 1211 1834 his
1225 1767 1322 1833 ornis·

293 1861 355 1941 lit,
385 1859 424 1924 ad
444 1869 480 1920 ea
502 1869 689 1949 veniamus,
720 1869 803 1935 quae
830 1849 976 1918 instituto
997 1847 1103 1918 nostro
1128 1850 1323 2000 afflictione

294 1940 395 2030 sunt)
427 1941 486 2005 lrae
507 1939 541 2004 in
562 1936 730 2004 Catilinam
756 1935 938 2015 orationes,
965 1949 1085 2022 praeter
1105 1953 1148 2020 po
1212 1955 1322 2016 marn,

293 2037 377 2115 duae
401 2023 475 2092 stne
487 2019 694 2088 deliberativa
710 2019 853 2099 dicatur,
879 2017 936 2086 sub
957 2020 1072 2090 nullum
1087 2035 1125 2084 er
1140 2017 1201 2084 illia
1215 2019 1326 2086 tribur

317 2111 461 2180 trieribus
483 2106 601 2175 includi
627 2117 842 2192 queunt.non
860 2103 1092 2190 subiudidale:
1113 2104 1321 2189 nequeenim

335 2199 452 2265 bentur
473 2194 504 2260 in
525 2191 665 2275 incluso.
695 2209 759 2257 non
785 2187 841 2255 sub
870 2189 1164 2258 demonstrativum:
1189 2206 1263 2256 narn
1288 2187 1325 2258 in

293 2276 544 2355 demonstrativo
555 2275 621 2342 sola
632 2273 826 2342 audientium
845 2277 994 2361 voluptas
1005 2273 1182 2362 quaeritur:
1201 2287 1326 2341 totum·

292 2387 358 2454 que
369 2357 448 2434 illud
465 2377 565 2450 genua
583 2362 622 2427 ad
639 2378 807 2447 pompam,
830 2357 861 2424 dt
877 2359 916 2424 ad
936 2359 1179 2428 ostentationem
1195 2377 1326 2446 compa·

293 2467 397 2526 ratur.
419 2446 548 2517 nonsub
555 2447 809 2512 deliberativum:
826 2443 860 2510 in
874 2445 979 2528 priore
994 2445 1100 2524 enlm,
1119 2457 1156 2512 ut
1171 2440 1326 2526 vidimus,

294 2540 381 2607 nulla
402 2531 590 2602 deliberatio
615 2529 681 2596 est.
702 2531 776 2612 quin
798 2529 832 2595 id
856 2544 978 2596 tantum
994 2531 1108 2616 agebat
1128 2527 1263 2607 Cicero,
1286 2543 1323 2593 ut

293 2625 398 2692 exiret
421 2617 577 2697 Catilina,
597 2633 662 2699 quo
678 2611 744 2696 ipse
759 2612 866 2698 postea
879 2631 954 2680 cum
970 2613 1079 2682 senatu
1096 2613 1270 2680 deliberare
1284 2612 1325 2678 dt

292 2720 363 2794 rep.
382 2702 490 2792 posset
530 2699 729 2784 nequeenim
746 2695 910 2782 praesente
925 2719 968 2764 eo
983 2699 1178 2778 deliberare,
1202 2717 1255 2764 aur
1272 2697 1325 2764 de·

295 2797 428 2860 e'emere
451 2785 532 2851 utile
556 2781 681 2849 fuisset.
704 2781 763 2848 hac
781 2797 907 2864 autern,
938 2802 1030 2870 quarn
1058 2802 1145 2852 nunc
1167 2783 1324 2870 explicare

293 2873 515 2964 aggredimur,
545 2868 686 2952 itemque
708 2867 819 2950 tertia,
844 2867 920 2935 nilui
943 2869 1026 2935 aliud
1050 2871 1135 2954 agit,
1167 2887 1259 2953 quam
1284 2881 1322 2932 ut

293 2967 438 3114 asli
452 2952 578 3139 psi
591 2949 1119 3124 ,instabilitatis
1132 2953 1323 3106 diffidi

299 3149 358 3199 nee
377 3143 445 3212 quo
460 3143 489 3191 rn
509 3119 639 3188 caussae
654 3136 770 3206 genere
783 3121 860 3204 lint,
881 3123 981 3192 autin
999 3141 1065 3210 quo
1082 3121 1181 3191 statu:
1200 3117 1324 3190 sedista

293 3215 510 3296 relinquamus
526 3207 582 3286 iis,
603 3207 659 3290 qui
672 3225 713 3272 eo
728 3205 877 3293 progreefi
899 3208 971 3275 sunt
987 3205 1161 3290 stultitiae,
1178 3225 1234 3284 ur,
1259 3205 1325 3273 edi·

294 3299 341 3370 tls
357 3297 465 3376 libris,
485 3311 547 3360 non
572 3301 694 3359 tantum
719 3293 752 3359 in
773 3291 911 3378 epistolis
931 3291 1116 3376 Ciceronis,
1137 3309 1251 3361 verum
1268 3289 1326 3356 eti·

296 3403 349 3453 arn
374 3383 405 3449 in
431 3377 606 3446 comoediis
629 3377 793 3457 Terentii,
815 3378 845 3442 dr
889 3395 966 3447 enus
984 3376 1130 3461 caussae,
1152 3377 1186 3447 dc
1209 3375 1325 3444 stanam

354 3468 456 3532 uitant
510 3461 609 3529 Nunc
627 3462 815 3529 Ciceronem
830 3397 930 3544 trudan
950 3461 1121 3531 audiamur.

324 3609 325 3618 ,
362 3547 666 3638 mentisqualrio]
691 3541 1329 3636 PerterrefaiiuasuperioriorationeCa·

291 3637 401 3718 cilina,
433 3653 472 3701 er
497 3632 576 3699 urbe
600 3627 685 3713 sese,
706 3631 889 3718 intempesta
906 3634 1022 3716 noete,
1043 3651 1115 3700 cum
1136 3636 1267 3720 paucis,
1287 3643 1328 3697 ut

293 3726 339 3794 ait
362 3719 542 3796 Sallustius,
571 3733 644 3783 curn
667 3719 841 3801 trecentis,
862 3721 955 3786 utalt
975 3719 1185 3792 Plutarchus.
1207 3716 1322 3799 conju·

290 3810 367 3882 ratis
381 3805 557 3874 eduxerat,
577 3800 726 3884 postridie
748 3803 884 3885 Cicero,
905 3823 980 3871 curn
1002 3801 1145 3872 senatum
1162 3803 1325 3870 habitune

294 3893 395 3966 esser,
418 3889 541 3956 interim
571 3887 645 3953 dum
674 3886 834 3956 senatores
852 3889 1190 3970 connumerabant
1206 3885 1326 3956 matio·

267 3999 363 4052 ,κω
379 3977 418 4044 ad
436 3971 589 4056 populum
615 3991 634 4036 e
654 3971 762 4039 rosiris
779 3973 899 4041 babuit.

329 4061 466 4136 Tarum
482 4057 675 4147 aliquanda]
701 4057 790 4130 &ad
812 4059 1011 4146 odmen,
1038 4057 1072 4130 da
1089 4061 1133 4132 ad
1156 4053 1332 4132 difficulte-
