<?xml version="1.0" encoding="UTF-8"?>
<!DOCTYPE html PUBLIC "-//W3C//DTD XHTML 1.0 Transitional//EN"
    "http://www.w3.org/TR/xhtml1/DTD/xhtml1-transitional.dtd">
<html xmlns="http://www.w3.org/1999/xhtml" xml:lang="en" lang="en">
 <head>
  <title>
</title>
<meta http-equiv="Content-Type" content="text/html;charset=utf-8" />
  <meta name='ocr-system' content='tesseract 3.04.00' />
  <meta name='ocr-capabilities' content='ocr_page ocr_carea ocr_par ocr_line ocrx_word'/>
</head>
<body>
  <div class='ocr_page' id='page_1' title='image "./mantoniimuretio01thomgoog_0889.png"; bbox 0 0 2800 4892; ppageno 0'>
   <div class='ocr_carea' id='block_1_1' title="bbox 149 349 1258 479">
    <p class='ocr_par' dir='ltr' id='par_1_1' title="bbox 149 349 1258 479">
     <span class='ocr_line' id='line_1_1' title="bbox 149 349 1258 479; baseline 0.005 -34"><span class='ocrx_word' id='word_1_1' title='bbox 149 380 196 446; x_wconf 79' lang='grc'>’,</span> <span class='ocrx_word' id='word_1_2' title='bbox 280 377 982 479; x_wconf 74' lang='lat' dir='ltr'>ruTrrottoancxotrn.</span> <span class='ocrx_word' id='word_1_3' title='bbox 1085 385 1149 468; x_wconf 73' lang='grc'>883</span> <span class='ocrx_word' id='word_1_4' title='bbox 1252 349 1258 365; x_wconf 81' lang='lat'>.</span> 
     </span>
    </p>
   </div>
   <div class='ocr_carea' id='block_1_2' title="bbox 109 533 1171 2145">
    <p class='ocr_par' dir='ltr' id='par_1_2' title="bbox 109 533 1171 2145">
     <span class='ocr_line' id='line_1_2' title="bbox 119 533 1150 686; baseline 0 -82"><span class='ocrx_word' id='word_1_5' title='bbox 119 533 213 604; x_wconf 80' lang='lat' dir='ltr'>datus</span> <span class='ocrx_word' id='word_1_6' title='bbox 242 553 373 686; x_wconf 34' lang='lat' dir='ltr'>quodue</span> <span class='ocrx_word' id='word_1_7' title='bbox 399 540 431 630; x_wconf 82' lang='lat' dir='ltr'>in</span> <span class='ocrx_word' id='word_1_8' title='bbox 460 538 617 626; x_wconf 85' lang='lat' dir='ltr'>Olympiis</span> <span class='ocrx_word' id='word_1_9' title='bbox 650 537 713 604; x_wconf 89' lang='lat' dir='ltr'>hoc</span> <span class='ocrx_word' id='word_1_10' title='bbox 744 535 844 622; x_wconf 88' lang='lat' dir='ltr'>ipsum</span> <span class='ocrx_word' id='word_1_11' title='bbox 880 535 1008 606; x_wconf 80' lang='lat' dir='ltr'>Tantali</span> <span class='ocrx_word' id='word_1_12' title='bbox 1027 537 1150 626; x_wconf 83' lang='lat' dir='ltr'>&#39;suppil-</span> 
     </span>
     <span class='ocr_line' id='line_1_3' title="bbox 117 616 1148 709; baseline 0.004 -23"><span class='ocrx_word' id='word_1_13' title='bbox 117 621 206 688; x_wconf 86' lang='lat' dir='ltr'>cium</span> <span class='ocrx_word' id='word_1_14' title='bbox 237 639 318 704; x_wconf 84' lang='lat' dir='ltr'>agno</span> <span class='ocrx_word' id='word_1_15' title='bbox 335 623 398 686; x_wconf 91' lang='lat' dir='ltr'>cit:</span> <span class='ocrx_word' id='word_1_16' title='bbox 431 621 482 686; x_wconf 86' lang='lat' dir='ltr'>sed</span> <span class='ocrx_word' id='word_1_17' title='bbox 508 627 587 688; x_wconf 86' lang='lat' dir='ltr'>nanc</span> <span class='ocrx_word' id='word_1_18' title='bbox 611 619 747 690; x_wconf 80' lang='lat' dir='ltr'>caussam</span> <span class='ocrx_word' id='word_1_19' title='bbox 772 616 870 688; x_wconf 79' lang='lat' dir='ltr'>fuisse</span> <span class='ocrx_word' id='word_1_20' title='bbox 890 623 950 700; x_wconf 84' lang='lat' dir='ltr'>ait,</span> <span class='ocrx_word' id='word_1_21' title='bbox 977 625 1065 708; x_wconf 90' lang='lat' dir='ltr'>quod</span> <span class='ocrx_word' id='word_1_22' title='bbox 1083 623 1148 709; x_wconf 85' lang='lat' dir='ltr'>ipse</span> 
     </span>
     <span class='ocr_line' id='line_1_4' title="bbox 115 704 1146 790; baseline 0.005 -20"><span class='ocrx_word' id='word_1_23' title='bbox 115 705 304 780; x_wconf 83' lang='lat' dir='ltr'>ambrosiam</span> <span class='ocrx_word' id='word_1_24' title='bbox 326 707 480 774; x_wconf 80' lang='lat' dir='ltr'>&amp;metiar</span> <span class='ocrx_word' id='word_1_25' title='bbox 503 705 643 786; x_wconf 82' lang='lat' dir='ltr'>furatus,</span> <span class='ocrx_word' id='word_1_26' title='bbox 665 708 905 790; x_wconf 77' lang='lat' dir='ltr'>compotoribua</span> <span class='ocrx_word' id='word_1_27' title='bbox 925 704 985 772; x_wconf 83' lang='lat' dir='ltr'>suis</span> <span class='ocrx_word' id='word_1_28' title='bbox 1003 711 1146 775; x_wconf 72' lang='lat' dir='ltr'>commir-</span> 
     </span>
     <span class='ocr_line' id='line_1_5' title="bbox 113 791 1146 872; baseline 0.002 -16"><span class='ocrx_word' id='word_1_29' title='bbox 113 791 291 856; x_wconf 89' lang='lat' dir='ltr'>nieaverit.</span> <span class='ocrx_word' id='word_1_30' title='bbox 314 791 419 872; x_wconf 78' lang='lat' dir='ltr'>aiunt,</span> <span class='ocrx_word' id='word_1_31' title='bbox 441 795 472 857; x_wconf 78' lang='lat' dir='ltr'>dt</span> <span class='ocrx_word' id='word_1_32' title='bbox 484 791 653 870; x_wconf 85' lang='lat' dir='ltr'>Alcaeum,</span> <span class='ocrx_word' id='word_1_33' title='bbox 674 797 703 857; x_wconf 83' lang='lat' dir='ltr'>dr</span> <span class='ocrx_word' id='word_1_34' title='bbox 725 795 929 870; x_wconf 80' lang='lat' dir='ltr'>Alcmanem,</span> <span class='ocrx_word' id='word_1_35' title='bbox 952 796 983 860; x_wconf 79' lang='lat' dir='ltr'>dc</span> <span class='ocrx_word' id='word_1_36' title='bbox 999 793 1146 860; x_wconf 80' lang='lat' dir='ltr'>Archilo-</span> 
     </span>
     <span class='ocr_line' id='line_1_6' title="bbox 115 873 1143 962; baseline 0.001 -20"><span class='ocrx_word' id='word_1_37' title='bbox 115 876 213 942; x_wconf 83' lang='lat' dir='ltr'>chum</span> <span class='ocrx_word' id='word_1_38' title='bbox 234 875 327 958; x_wconf 16' lang='lat' dir='ltr'>hujus,</span> <span class='ocrx_word' id='word_1_39' title='bbox 346 875 456 960; x_wconf 84' lang='lat' dir='ltr'>lapidis</span> <span class='ocrx_word' id='word_1_40' title='bbox 476 877 667 950; x_wconf 80' lang='lat' dir='ltr'>mentionem</span> <span class='ocrx_word' id='word_1_41' title='bbox 686 873 816 942; x_wconf 69' lang='lat' dir='ltr'>iecisse.</span> <span class='ocrx_word' id='word_1_42' title='bbox 863 876 891 940; x_wconf 89' lang='lat' dir='ltr'>ui</span> <span class='ocrx_word' id='word_1_43' title='bbox 906 877 1074 962; x_wconf 79' lang='lat' dir='ltr'><strong>allegorice</strong></span> <span class='ocrx_word' id='word_1_44' title='bbox 1088 877 1143 944; x_wconf 87' lang='lat' dir='ltr'>illa</span> 
     </span>
     <span class='ocr_line' id='line_1_7' title="bbox 114 959 1137 1041; baseline 0 -15"><span class='ocrx_word' id='word_1_45' title='bbox 114 959 388 1041; x_wconf 79' lang='lat' dir='ltr'>interpretantur,</span> <span class='ocrx_word' id='word_1_46' title='bbox 419 961 470 1024; x_wconf 89' lang='lat' dir='ltr'>alii</span> <span class='ocrx_word' id='word_1_47' title='bbox 499 975 618 1026; x_wconf 88' lang='lat' dir='ltr'>metum</span> <span class='ocrx_word' id='word_1_48' title='bbox 639 961 767 1040; x_wconf 65' lang='lat' dir='ltr'>monia,</span> <span class='ocrx_word' id='word_1_49' title='bbox 790 980 823 1026; x_wconf 88' lang='lat' dir='ltr'>ur</span> <span class='ocrx_word' id='word_1_50' title='bbox 851 961 878 999; x_wconf 92' lang='lat'>·&#39;</span> <span class='ocrx_word' id='word_1_51' title='bbox 901 979 975 1040; x_wconf 89' lang='lat' dir='ltr'>ero;</span> <span class='ocrx_word' id='word_1_52' title='bbox 993 963 1048 1027; x_wconf 82' lang='lat' dir='ltr'>alii</span> <span class='ocrx_word' id='word_1_53' title='bbox 1072 975 1137 1028; x_wconf 84' lang='lat' dir='ltr'>me·</span> 
     </span>
     <span class='ocr_line' id='line_1_8' title="bbox 112 1043 1140 1128; baseline 0.003 -19"><span class='ocrx_word' id='word_1_54' title='bbox 112 1061 184 1110; x_wconf 88' lang='lat' dir='ltr'>tum</span> <span class='ocrx_word' id='word_1_55' title='bbox 208 1043 360 1122; x_wconf 87' lang='lat' dir='ltr'>deornm,</span> <span class='ocrx_word' id='word_1_56' title='bbox 382 1063 417 1108; x_wconf 89' lang='lat' dir='ltr'>ut</span> <span class='ocrx_word' id='word_1_57' title='bbox 439 1044 628 1122; x_wconf 79' lang='lat' dir='ltr'>Lucretius,</span> <span class='ocrx_word' id='word_1_58' title='bbox 650 1044 811 1128; x_wconf 79' lang='lat' dir='ltr'>significari</span> <span class='ocrx_word' id='word_1_59' title='bbox 829 1061 955 1128; x_wconf 87' lang='lat' dir='ltr'>putant:</span> <span class='ocrx_word' id='word_1_60' title='bbox 979 1047 1029 1110; x_wconf 90' lang='lat' dir='ltr'>alii</span> <span class='ocrx_word' id='word_1_61' title='bbox 1050 1043 1140 1112; x_wconf 91' lang='lat' dir='ltr'>Tan-</span> 
     </span>
     <span class='ocr_line' id='line_1_9' title="bbox 112 1127 1138 1215; baseline 0.004 -23"><span class='ocrx_word' id='word_1_62' title='bbox 112 1129 213 1194; x_wconf 85' lang='lat' dir='ltr'>talum</span> <span class='ocrx_word' id='word_1_63' title='bbox 242 1128 460 1212; x_wconf 80' lang='lat' dir='ltr'>phyiiologum</span> <span class='ocrx_word' id='word_1_64' title='bbox 486 1129 539 1194; x_wconf 88' lang='lat' dir='ltr'>dili</span> <span class='ocrx_word' id='word_1_65' title='bbox 563 1147 664 1196; x_wconf 84' lang='lat' dir='ltr'>entem</span> <span class='ocrx_word' id='word_1_66' title='bbox 696 1128 792 1192; x_wconf 83' lang='lat' dir='ltr'>fuisse</span> <span class='ocrx_word' id='word_1_67' title='bbox 818 1127 952 1208; x_wconf 86' lang='lat' dir='ltr'>dicunt,</span> <span class='ocrx_word' id='word_1_68' title='bbox 980 1131 1033 1215; x_wconf 91' lang='lat' dir='ltr'>qui</span> <span class='ocrx_word' id='word_1_69' title='bbox 1056 1131 1138 1198; x_wconf 71' lang='lat' dir='ltr'>Solia</span> 
     </span>
     <span class='ocr_line' id='line_1_10' title="bbox 110 1213 1138 1300; baseline 0.004 -24"><span class='ocrx_word' id='word_1_70' title='bbox 110 1213 436 1296; x_wconf 80' lang='lat' dir='ltr'>praecipuenaturam</span> <span class='ocrx_word' id='word_1_71' title='bbox 453 1233 554 1278; x_wconf 86' lang='lat' dir='ltr'>accur</span> <span class='ocrx_word' id='word_1_72' title='bbox 581 1213 681 1278; x_wconf 85' lang='lat' dir='ltr'>isiime</span> <span class='ocrx_word' id='word_1_73' title='bbox 696 1213 979 1297; x_wconf 83' lang='lat' dir='ltr'>contemplaretnrr</span> <span class='ocrx_word' id='word_1_74' title='bbox 1000 1213 1138 1300; x_wconf 80' lang='lat' dir='ltr'>ideoque</span> 
     </span>
     <span class='ocr_line' id='line_1_11' title="bbox 113 1293 1135 1382; baseline 0.006 -22"><span class='ocrx_word' id='word_1_75' title='bbox 113 1293 232 1360; x_wconf 72' lang='lat' dir='ltr'>ditium</span> <span class='ocrx_word' id='word_1_76' title='bbox 248 1295 355 1362; x_wconf 87' lang='lat' dir='ltr'>Solem</span> <span class='ocrx_word' id='word_1_77' title='bbox 371 1297 467 1380; x_wconf 83' lang='lat' dir='ltr'>capiti</span> <span class='ocrx_word' id='word_1_78' title='bbox 484 1297 575 1382; x_wconf 82' lang='lat' dir='ltr'>ipius</span> <span class='ocrx_word' id='word_1_79' title='bbox 588 1300 784 1380; x_wconf 75' lang='lat' dir='ltr'>impendere.</span> <span class='ocrx_word' id='word_1_80' title='bbox 806 1317 876 1363; x_wconf 89' lang='lat' dir='ltr'>nam</span> <span class='ocrx_word' id='word_1_81' title='bbox 886 1299 993 1365; x_wconf 87' lang='lat' dir='ltr'>Solem</span> <span class='ocrx_word' id='word_1_82' title='bbox 1009 1298 1135 1382; x_wconf 86' lang='lat' dir='ltr'>quidem</span> 
     </span>
     <span class='ocr_line' id='line_1_12' title="bbox 110 1377 1134 1466; baseline 0.008 -23"><span class='ocrx_word' id='word_1_83' title='bbox 110 1377 214 1464; x_wconf 89' lang='lat' dir='ltr'>ipsum</span> <span class='ocrx_word' id='word_1_84' title='bbox 236 1380 326 1446; x_wconf 89' lang='lat' dir='ltr'>multi</span> <span class='ocrx_word' id='word_1_85' title='bbox 352 1397 391 1446; x_wconf 93' lang='lat' dir='ltr'>ex</span> <span class='ocrx_word' id='word_1_86' title='bbox 412 1383 594 1460; x_wconf 83' lang='lat' dir='ltr'>veteribus,</span> <span class='ocrx_word' id='word_1_87' title='bbox 618 1381 832 1466; x_wconf 82' lang='lat' dir='ltr'>Anaxagoram</span> <span class='ocrx_word' id='word_1_88' title='bbox 857 1377 977 1461; x_wconf 83' lang='lat' dir='ltr'>secuti,</span> <span class='ocrx_word' id='word_1_89' title='bbox 1001 1381 1134 1466; x_wconf 87' lang='lat' dir='ltr'>lapidem</span> 
     </span>
     <span class='ocr_line' id='line_1_13' title="bbox 112 1464 1135 1552; baseline 0.004 -22"><span class='ocrx_word' id='word_1_90' title='bbox 112 1464 237 1548; x_wconf 85' lang='lat' dir='ltr'>glebam</span> <span class='ocrx_word' id='word_1_91' title='bbox 257 1483 298 1530; x_wconf 88' lang='lat' dir='ltr'>ve</span> <span class='ocrx_word' id='word_1_92' title='bbox 314 1464 442 1548; x_wconf 71' lang='lat' dir='ltr'>ignitam</span> <span class='ocrx_word' id='word_1_93' title='bbox 462 1465 529 1532; x_wconf 82' lang='lat' dir='ltr'>esi&#39;e</span> <span class='ocrx_word' id='word_1_94' title='bbox 546 1467 736 1534; x_wconf 87' lang='lat' dir='ltr'>credebant.</span> <span class='ocrx_word' id='word_1_95' title='bbox 755 1467 836 1534; x_wconf 86' lang='lat' dir='ltr'>hane</span> <span class='ocrx_word' id='word_1_96' title='bbox 858 1465 1044 1552; x_wconf 89' lang='lat' dir='ltr'>postremam</span> <span class='ocrx_word' id='word_1_97' title='bbox 1068 1468 1135 1534; x_wconf 86' lang='lat' dir='ltr'>sen·</span> 
     </span>
     <span class='ocr_line' id='line_1_14' title="bbox 111 1547 1133 1634; baseline 0.007 -22"><span class='ocrx_word' id='word_1_98' title='bbox 111 1547 241 1614; x_wconf 89' lang='lat' dir='ltr'>tentiam</span> <span class='ocrx_word' id='word_1_99' title='bbox 260 1548 426 1632; x_wconf 79' lang='lat' dir='ltr'>Euripides</span> <span class='ocrx_word' id='word_1_100' title='bbox 444 1549 509 1634; x_wconf 89' lang='lat' dir='ltr'>ipse</span> <span class='ocrx_word' id='word_1_101' title='bbox 524 1567 631 1634; x_wconf 87' lang='lat' dir='ltr'>aperte</span> <span class='ocrx_word' id='word_1_102' title='bbox 647 1550 814 1616; x_wconf 82' lang='lat' dir='ltr'>confirmat</span> <span class='ocrx_word' id='word_1_103' title='bbox 835 1549 865 1616; x_wconf 91' lang='lat' dir='ltr'>in</span> <span class='ocrx_word' id='word_1_104' title='bbox 880 1549 981 1616; x_wconf 91' lang='lat' dir='ltr'>choro</span> <span class='ocrx_word' id='word_1_105' title='bbox 996 1551 1133 1634; x_wconf 85' lang='lat' dir='ltr'>quodam</span> 
     </span>
     <span class='ocr_line' id='line_1_15' title="bbox 111 1632 1132 1714; baseline 0.008 -19"><span class='ocrx_word' id='word_1_106' title='bbox 111 1650 152 1697; x_wconf 89' lang='lat' dir='ltr'>ex</span> <span class='ocrx_word' id='word_1_107' title='bbox 180 1633 287 1700; x_wconf 87' lang='lat' dir='ltr'>eadem</span> <span class='ocrx_word' id='word_1_108' title='bbox 313 1632 443 1712; x_wconf 82' lang='lat' dir='ltr'>fabula,</span> <span class='ocrx_word' id='word_1_109' title='bbox 477 1635 528 1700; x_wconf 88' lang='lat' dir='ltr'>ubi</span> <span class='ocrx_word' id='word_1_110' title='bbox 553 1636 659 1700; x_wconf 88' lang='lat' dir='ltr'>Solem</span> <span class='ocrx_word' id='word_1_111' title='bbox 684 1637 793 1714; x_wconf 58' lang='lat' dir='ltr'>view,</span> <span class='ocrx_word' id='word_1_112' title='bbox 824 1635 958 1706; x_wconf 64' lang='lat' dir='ltr'>dreia.»</span> <span class='ocrx_word' id='word_1_113' title='bbox 980 1637 1132 1703; x_wconf 76' lang='lat' dir='ltr'>nominat.</span> 
     </span>
     <span class='ocr_line' id='line_1_16' title="bbox 112 1715 1131 1817; baseline 0.005 -35"><span class='ocrx_word' id='word_1_114' title='bbox 112 1715 245 1782; x_wconf 84' lang='lat' dir='ltr'>&#39;l&#39;radita</span> <span class='ocrx_word' id='word_1_115' title='bbox 272 1718 304 1782; x_wconf 82' lang='lat' dir='ltr'>dt</span> <span class='ocrx_word' id='word_1_116' title='bbox 325 1717 405 1784; x_wconf 90' lang='lat' dir='ltr'>haee</span> <span class='ocrx_word' id='word_1_117' title='bbox 426 1719 466 1784; x_wconf 85' lang='lat' dir='ltr'>de</span> <span class='ocrx_word' id='word_1_118' title='bbox 488 1720 626 1784; x_wconf 71' lang='lat' dir='ltr'>‘l&#39;anrrlo</span> <span class='ocrx_word' id='word_1_119' title='bbox 648 1717 772 1784; x_wconf 86' lang='lat' dir='ltr'>fabula:</span> <span class='ocrx_word' id='word_1_120' title='bbox 795 1717 893 1786; x_wconf 86' lang='lat' dir='ltr'>fuisse</span> <span class='ocrx_word' id='word_1_121' title='bbox 908 1736 1018 1806; x_wconf 84' lang='lat' dir='ltr'>canem</span> <span class='ocrx_word' id='word_1_122' title='bbox 1034 1737 1131 1817; x_wconf 78' lang='lat' dir='ltr'>quen·</span> 
     </span>
     <span class='ocr_line' id='line_1_17' title="bbox 109 1801 1130 1887; baseline 0.007 -21"><span class='ocrx_word' id='word_1_123' title='bbox 109 1803 180 1866; x_wconf 89' lang='lat' dir='ltr'>dam</span> <span class='ocrx_word' id='word_1_124' title='bbox 197 1817 343 1881; x_wconf 85' lang='lat' dir='ltr'>aureum,</span> <span class='ocrx_word' id='word_1_125' title='bbox 374 1805 571 1887; x_wconf 85' lang='lat' dir='ltr'>eundemque</span> <span class='ocrx_word' id='word_1_126' title='bbox 596 1805 791 1884; x_wconf 80' lang='lat' dir='ltr'>animarum,</span> <span class='ocrx_word' id='word_1_127' title='bbox 815 1803 833 1886; x_wconf 93' lang='lat'>(</span> <span class='ocrx_word' id='word_1_128' title='bbox 846 1819 881 1868; x_wconf 84' lang='lat' dir='ltr'>ut</span> <span class='ocrx_word' id='word_1_129' title='bbox 901 1801 1130 1875; x_wconf 81' lang='lat' dir='ltr'>minusmrum</span> 
     </span>
     <span class='ocr_line' id='line_1_18' title="bbox 109 1885 1171 1971; baseline 0.003 -20"><span class='ocrx_word' id='word_1_130' title='bbox 109 1885 166 1964; x_wconf 89' lang='lat' dir='ltr'>lit,</span> <span class='ocrx_word' id='word_1_131' title='bbox 196 1886 281 1969; x_wconf 89' lang='lat' dir='ltr'>quod</span> <span class='ocrx_word' id='word_1_132' title='bbox 306 1887 345 1951; x_wconf 86' lang='lat' dir='ltr'>de</span> <span class='ocrx_word' id='word_1_133' title='bbox 371 1887 455 1952; x_wconf 83' lang='lat' dir='ltr'>Telo</span> <span class='ocrx_word' id='word_1_134' title='bbox 478 1891 507 1954; x_wconf 91' lang='lat' dir='ltr'>in</span> <span class='ocrx_word' id='word_1_135' title='bbox 531 1888 689 1954; x_wconf 88' lang='lat' dir='ltr'>Catullum</span> <span class='ocrx_word' id='word_1_136' title='bbox 718 1887 883 1969; x_wconf 78' lang='lat' dir='ltr'>diximus)</span> <span class='ocrx_word' id='word_1_137' title='bbox 911 1905 982 1952; x_wconf 89' lang='lat' dir='ltr'>eum</span> <span class='ocrx_word' id='word_1_138' title='bbox 1006 1887 1128 1971; x_wconf 90' lang='lat' dir='ltr'>templo</span> <span class='ocrx_word' id='word_1_139' title='bbox 1168 1953 1171 1970; x_wconf 81' lang='grc'>,</span> 
     </span>
     <span class='ocr_line' id='line_1_19' title="bbox 109 1969 1129 2054; baseline 0.004 -20"><span class='ocrx_word' id='word_1_140' title='bbox 109 1970 198 2051; x_wconf 73' lang='lat' dir='ltr'>iovis</span> <span class='ocrx_word' id='word_1_141' title='bbox 217 1973 247 2036; x_wconf 89' lang='lat' dir='ltr'>in</span> <span class='ocrx_word' id='word_1_142' title='bbox 270 1969 366 2037; x_wconf 86' lang='lat' dir='ltr'>Creta</span> <span class='ocrx_word' id='word_1_143' title='bbox 388 1971 549 2038; x_wconf 80' lang='lat' dir='ltr'>eododem</span> <span class='ocrx_word' id='word_1_144' title='bbox 574 1975 711 2040; x_wconf 88' lang='lat' dir='ltr'>additum</span> <span class='ocrx_word' id='word_1_145' title='bbox 732 1969 844 2038; x_wconf 86' lang='lat' dir='ltr'>fuisse:</span> <span class='ocrx_word' id='word_1_146' title='bbox 866 1990 960 2054; x_wconf 89' lang='lat' dir='ltr'>quem</span> <span class='ocrx_word' id='word_1_147' title='bbox 976 1975 1052 2037; x_wconf 82' lang='lat' dir='ltr'>c&#39;um</span> <span class='ocrx_word' id='word_1_148' title='bbox 1066 1973 1129 2040; x_wconf 85' lang='lat' dir='ltr'>sur·</span> 
     </span>
     <span class='ocr_line' id='line_1_20' title="bbox 109 2053 1129 2145; baseline 0.004 -26"><span class='ocrx_word' id='word_1_149' title='bbox 109 2053 252 2138; x_wconf 81' lang='lat' dir='ltr'>ripuiaset</span> <span class='ocrx_word' id='word_1_150' title='bbox 275 2054 449 2122; x_wconf 86' lang='lat' dir='ltr'>Pandareus</span> <span class='ocrx_word' id='word_1_151' title='bbox 468 2055 635 2145; x_wconf 70' lang='lat' dir='ltr'>Miletius,</span> <span class='ocrx_word' id='word_1_152' title='bbox 666 2057 887 2122; x_wconf 83' lang='lat' dir='ltr'>asservandum</span> <span class='ocrx_word' id='word_1_153' title='bbox 903 2053 1023 2122; x_wconf 87' lang='lat' dir='ltr'>dedisse</span> <span class='ocrx_word' id='word_1_154' title='bbox 1041 2056 1129 2123; x_wconf 86' lang='lat' dir='ltr'>Tan·</span> 
     </span>
    </p>
   </div>
   <div class='ocr_carea' id='block_1_3' title="bbox 111 2139 1228 2222">
    <p class='ocr_par' dir='ltr' id='par_1_3' title="bbox 111 2139 1228 2222">
     <span class='ocr_line' id='line_1_21' title="bbox 111 2139 1228 2222; baseline -0.001 -19"><span class='ocrx_word' id='word_1_155' title='bbox 111 2140 199 2204; x_wconf 86' lang='lat' dir='ltr'>talo:</span> <span class='ocrx_word' id='word_1_156' title='bbox 230 2139 353 2203; x_wconf 86' lang='lat' dir='ltr'>mislum</span> <span class='ocrx_word' id='word_1_157' title='bbox 375 2140 488 2203; x_wconf 81' lang='lat' dir='ltr'>deinde</span> <span class='ocrx_word' id='word_1_158' title='bbox 506 2159 522 2203; x_wconf 89' lang='lat' dir='ltr'>a</span> <span class='ocrx_word' id='word_1_159' title='bbox 542 2139 624 2220; x_wconf 84' lang='lat' dir='ltr'>Jove</span> <span class='ocrx_word' id='word_1_160' title='bbox 640 2140 857 2221; x_wconf 75' lang='lat' dir='ltr'>Mercurium,</span> <span class='ocrx_word' id='word_1_161' title='bbox 879 2141 933 2222; x_wconf 90' lang='lat' dir='ltr'>qui</span> <span class='ocrx_word' id='word_1_162' title='bbox 949 2155 1064 2206; x_wconf 83' lang='lat' dir='ltr'>canem</span> <span class='ocrx_word' id='word_1_163' title='bbox 1076 2160 1126 2206; x_wconf 75' lang='lat' dir='ltr'>re·</span> <span class='ocrx_word' id='word_1_164' title='bbox 1207 2145 1228 2158; x_wconf 72' lang='grc'><strong>“</strong></span> 
     </span>
    </p>
   </div>
   <div class='ocr_carea' id='block_1_4' title="bbox 103 2221 1202 2560">
    <p class='ocr_par' dir='ltr' id='par_1_4' title="bbox 103 2221 1202 2560">
     <span class='ocr_line' id='line_1_22' title="bbox 110 2221 1124 2307; baseline 0.004 -21"><span class='ocrx_word' id='word_1_165' title='bbox 110 2222 277 2307; x_wconf 84' lang='lat' dir='ltr'>posceret:</span> <span class='ocrx_word' id='word_1_166' title='bbox 301 2221 352 2286; x_wconf 90' lang='lat' dir='ltr'>sed</span> <span class='ocrx_word' id='word_1_167' title='bbox 369 2223 496 2306; x_wconf 82' lang='lat' dir='ltr'>negasse</span> <span class='ocrx_word' id='word_1_168' title='bbox 518 2223 707 2301; x_wconf 64' lang='lat' dir='ltr'>&#39;l*antalum‚</span> <span class='ocrx_word' id='word_1_169' title='bbox 729 2240 798 2286; x_wconf 88' lang='lat' dir='ltr'>eum</span> <span class='ocrx_word' id='word_1_170' title='bbox 816 2240 910 2307; x_wconf 78' lang='lat' dir='ltr'>penes</span> <span class='ocrx_word' id='word_1_171' title='bbox 925 2223 1055 2288; x_wconf 73' lang='lat' dir='ltr'>seesie:</span> <span class='ocrx_word' id='word_1_172' title='bbox 1079 2225 1124 2290; x_wconf 90' lang='lat' dir='ltr'>ob</span> 
     </span>
     <span class='ocr_line' id='line_1_23' title="bbox 103 2304 1124 2402; baseline 0.002 -28"><span class='ocrx_word' id='word_1_173' title='bbox 103 2309 139 2374; x_wconf 87' lang='lat' dir='ltr'>ld</span> <span class='ocrx_word' id='word_1_174' title='bbox 155 2309 249 2390; x_wconf 73' lang='lat' dir='ltr'>igitur</span> <span class='ocrx_word' id='word_1_175' title='bbox 265 2305 423 2370; x_wconf 87' lang='lat' dir='ltr'>detrusum</span> <span class='ocrx_word' id='word_1_176' title='bbox 443 2305 479 2370; x_wconf 88' lang='lat' dir='ltr'>ad</span> <span class='ocrx_word' id='word_1_177' title='bbox 500 2304 640 2384; x_wconf 83' lang='lat' dir='ltr'>inferos,</span> <span class='ocrx_word' id='word_1_178' title='bbox 660 2306 815 2402; x_wconf 79' lang='lat' dir='ltr'>ipsiusque</span> <span class='ocrx_word' id='word_1_179' title='bbox 830 2306 925 2388; x_wconf 87' lang='lat' dir='ltr'>capiti</span> <span class='ocrx_word' id='word_1_180' title='bbox 944 2308 1124 2391; x_wconf 83' lang='lat' dir='ltr'>impositum</span> 
     </span>
     <span class='ocr_line' id='line_1_24' title="bbox 104 2387 1122 2476; baseline -0.002 -16"><span class='ocrx_word' id='word_1_181' title='bbox 104 2391 248 2476; x_wconf 82' lang='lat' dir='ltr'>Sipylum</span> <span class='ocrx_word' id='word_1_182' title='bbox 273 2407 433 2456; x_wconf 85' lang='lat' dir='ltr'>montem:</span> <span class='ocrx_word' id='word_1_183' title='bbox 462 2407 599 2472; x_wconf 88' lang='lat' dir='ltr'>eumque</span> <span class='ocrx_word' id='word_1_184' title='bbox 623 2389 691 2456; x_wconf 77' lang='lat' dir='ltr'>esse</span> <span class='ocrx_word' id='word_1_185' title='bbox 713 2389 846 2471; x_wconf 77' lang='lat' dir='ltr'>lapidem</span> <span class='ocrx_word' id='word_1_186' title='bbox 866 2387 973 2472; x_wconf 91' lang='lat' dir='ltr'>illum,</span> <span class='ocrx_word' id='word_1_187' title='bbox 999 2393 1122 2475; x_wconf 88' lang='lat' dir='ltr'>dequo</span> 
     </span>
     <span class='ocr_line' id='line_1_25' title="bbox 105 2472 1202 2560; baseline 0.003 -19"><span class='ocrx_word' id='word_1_188' title='bbox 105 2477 195 2560; x_wconf 88' lang='lat' dir='ltr'>supra</span> <span class='ocrx_word' id='word_1_189' title='bbox 213 2473 364 2539; x_wconf 84' lang='lat' dir='ltr'>diximus.</span> <span class='ocrx_word' id='word_1_190' title='bbox 386 2491 489 2558; x_wconf 89' lang='lat' dir='ltr'>neque</span> <span class='ocrx_word' id='word_1_191' title='bbox 503 2473 631 2552; x_wconf 82' lang='lat' dir='ltr'>desum,</span> <span class='ocrx_word' id='word_1_192' title='bbox 653 2472 727 2558; x_wconf 91' lang='lat' dir='ltr'>qui,</span> <span class='ocrx_word' id='word_1_193' title='bbox 753 2475 838 2558; x_wconf 88' lang='lat' dir='ltr'>quod</span> <span class='ocrx_word' id='word_1_194' title='bbox 852 2473 1001 2558; x_wconf 87' lang='lat' dir='ltr'>Pelopem</span> <span class='ocrx_word' id='word_1_195' title='bbox 1021 2475 1123 2544; x_wconf 84' lang='lat' dir='ltr'>illium</span> <span class='ocrx_word' id='word_1_196' title='bbox 1196 2491 1202 2512; x_wconf 83' lang='lat'><strong><em>¹</em></strong></span> 
     </span>
    </p>
   </div>
   <div class='ocr_carea' id='block_1_5' title="bbox 77 2555 1251 2642">
    <p class='ocr_par' dir='ltr' id='par_1_5' title="bbox 77 2555 1251 2642">
     <span class='ocr_line' id='line_1_26' title="bbox 77 2555 1251 2642; baseline -0.002 -16"><span class='ocrx_word' id='word_1_197' title='bbox 77 2631 83 2640; x_wconf 55' lang='grc'><strong>,</strong></span> <span class='ocrx_word' id='word_1_198' title='bbox 102 2558 306 2638; x_wconf 68' lang='lat' dir='ltr'>mallaverit,</span> <span class='ocrx_word' id='word_1_199' title='bbox 323 2559 444 2642; x_wconf 85' lang='lat' dir='ltr'>diisque</span> <span class='ocrx_word' id='word_1_200' title='bbox 455 2559 641 2642; x_wconf 84' lang='lat' dir='ltr'>epulandum</span> <span class='ocrx_word' id='word_1_201' title='bbox 660 2555 858 2641; x_wconf 85' lang='lat' dir='ltr'>apposuerit,</span> <span class='ocrx_word' id='word_1_202' title='bbox 877 2557 916 2623; x_wconf 88' lang='lat' dir='ltr'>ad</span> <span class='ocrx_word' id='word_1_203' title='bbox 935 2559 1054 2626; x_wconf 84' lang='lat' dir='ltr'>inferos</span> <span class='ocrx_word' id='word_1_204' title='bbox 1067 2559 1122 2626; x_wconf 87' lang='lat' dir='ltr'>de·</span> <span class='ocrx_word' id='word_1_205' title='bbox 1246 2567 1251 2576; x_wconf 82' lang='lat'><strong><em>‘</em></strong></span> 
     </span>
    </p>
   </div>
   <div class='ocr_carea' id='block_1_6' title="bbox 97 2639 1122 3150">
    <p class='ocr_par' dir='ltr' id='par_1_6' title="bbox 97 2639 1122 3150">
     <span class='ocr_line' id='line_1_27' title="bbox 100 2639 1122 2738; baseline 0.002 -28"><span class='ocrx_word' id='word_1_206' title='bbox 100 2641 220 2711; x_wconf 86' lang='lat' dir='ltr'>trusum</span> <span class='ocrx_word' id='word_1_207' title='bbox 252 2639 320 2738; x_wconf 63' lang='lat' dir='ltr'>erle</span> <span class='ocrx_word' id='word_1_208' title='bbox 343 2644 467 2710; x_wconf 86' lang='lat' dir='ltr'>dicant.</span> <span class='ocrx_word' id='word_1_209' title='bbox 498 2641 551 2708; x_wconf 89' lang='lat' dir='ltr'>sed</span> <span class='ocrx_word' id='word_1_210' title='bbox 572 2643 612 2708; x_wconf 92' lang='lat' dir='ltr'>de</span> <span class='ocrx_word' id='word_1_211' title='bbox 634 2639 776 2728; x_wconf 88' lang='lat' dir='ltr'>supplicii</span> <span class='ocrx_word' id='word_1_212' title='bbox 803 2658 939 2726; x_wconf 85' lang='lat' dir='ltr'>genere,</span> <span class='ocrx_word' id='word_1_213' title='bbox 970 2644 1122 2728; x_wconf 72' lang='lat' dir='ltr'>plurimos</span> 
     </span>
     <span class='ocr_line' id='line_1_28' title="bbox 102 2725 1122 2814; baseline 0 -20"><span class='ocrx_word' id='word_1_214' title='bbox 102 2727 317 2810; x_wconf 77' lang='lat' dir='ltr'>altipuiatores</span> <span class='ocrx_word' id='word_1_215' title='bbox 338 2727 458 2795; x_wconf 85' lang='lat' dir='ltr'>invenit</span> <span class='ocrx_word' id='word_1_216' title='bbox 481 2727 612 2796; x_wconf 87' lang='lat' dir='ltr'>Homeri</span> <span class='ocrx_word' id='word_1_217' title='bbox 633 2727 792 2806; x_wconf 86' lang='lat' dir='ltr'>narratio,</span> <span class='ocrx_word' id='word_1_218' title='bbox 813 2745 906 2811; x_wconf 87' lang='lat' dir='ltr'>qnam</span> <span class='ocrx_word' id='word_1_219' title='bbox 926 2725 977 2794; x_wconf 91' lang='lat' dir='ltr'>hic</span> <span class='ocrx_word' id='word_1_220' title='bbox 991 2739 1122 2814; x_wconf 75' lang='lat' dir='ltr'>quoqne</span> 
     </span>
     <span class='ocr_line' id='line_1_29' title="bbox 101 2809 1121 2904; baseline 0 -25"><span class='ocrx_word' id='word_1_221' title='bbox 101 2811 253 2904; x_wconf 80' lang='lat' dir='ltr'>Tibullus</span> <span class='ocrx_word' id='word_1_222' title='bbox 271 2809 461 2897; x_wconf 87' lang='lat' dir='ltr'>insequitur.</span> <span class='ocrx_word' id='word_1_223' title='bbox 495 2831 593 2896; x_wconf 86' lang='lat' dir='ltr'>quae,</span> <span class='ocrx_word' id='word_1_224' title='bbox 624 2813 697 2896; x_wconf 89' lang='lat' dir='ltr'>quia</span> <span class='ocrx_word' id='word_1_225' title='bbox 719 2813 814 2876; x_wconf 89' lang='lat' dir='ltr'>etiam</span> <span class='ocrx_word' id='word_1_226' title='bbox 841 2811 938 2895; x_wconf 84' lang='lat' dir='ltr'>vulgo</span> <span class='ocrx_word' id='word_1_227' title='bbox 958 2811 1121 2879; x_wconf 82' lang='lat' dir='ltr'>norissima</span> 
     </span>
     <span class='ocr_line' id='line_1_30' title="bbox 102 2895 1119 2982; baseline 0.002 -19"><span class='ocrx_word' id='word_1_228' title='bbox 102 2895 166 2976; x_wconf 90' lang='lat' dir='ltr'>est,</span> <span class='ocrx_word' id='word_1_229' title='bbox 183 2895 259 2962; x_wconf 90' lang='lat' dir='ltr'>nihrl</span> <span class='ocrx_word' id='word_1_230' title='bbox 272 2895 358 2977; x_wconf 82' lang='lat' dir='ltr'>e&#39;sse,</span> <span class='ocrx_word' id='word_1_231' title='bbox 379 2913 461 2962; x_wconf 88' lang='lat' dir='ltr'>cura</span> <span class='ocrx_word' id='word_1_232' title='bbox 475 2913 527 2964; x_wconf 86' lang='lat' dir='ltr'>me</span> <span class='ocrx_word' id='word_1_233' title='bbox 540 2896 677 2981; x_wconf 84' lang='lat' dir='ltr'>pluribus</span> <span class='ocrx_word' id='word_1_234' title='bbox 690 2895 795 2962; x_wconf 78' lang='lat' dir='ltr'>verbis</span> <span class='ocrx_word' id='word_1_235' title='bbox 811 2897 1005 2979; x_wconf 84' lang='lat' dir='ltr'>explicetur,</span> <span class='ocrx_word' id='word_1_236' title='bbox 1024 2909 1119 2982; x_wconf 86' lang='lat' dir='ltr'>puto.</span> 
     </span>
     <span class='ocr_line' id='line_1_31' title="bbox 102 2975 1118 3067; baseline -0.005 -16"><span class='ocrx_word' id='word_1_237' title='bbox 102 2984 148 3051; x_wconf 85' lang='lat' dir='ltr'>lit</span> <span class='ocrx_word' id='word_1_238' title='bbox 160 2981 269 3056; x_wconf 75' lang='lat' dir='ltr'>Danai</span> <span class='ocrx_word' id='word_1_239' title='bbox 277 2981 412 3066; x_wconf 76' lang='lat' dir='ltr'>proice]</span> <span class='ocrx_word' id='word_1_240' title='bbox 433 2980 489 3047; x_wconf 91' lang='lat' dir='ltr'>De</span> <span class='ocrx_word' id='word_1_241' title='bbox 502 2982 697 3050; x_wconf 83' lang='lat' dir='ltr'>Danaidiirrs</span> <span class='ocrx_word' id='word_1_242' title='bbox 716 2996 825 3046; x_wconf 84' lang='lat' dir='ltr'>cetera</span> <span class='ocrx_word' id='word_1_243' title='bbox 838 2975 1118 3067; x_wconf 83' lang='lat' dir='ltr'>pervulgarasuntt</span> 
     </span>
     <span class='ocr_line' id='line_1_32' title="bbox 97 3062 1118 3150; baseline -0.004 -16"><span class='ocrx_word' id='word_1_244' title='bbox 97 3065 177 3134; x_wconf 89' lang='lat' dir='ltr'>illud</span> <span class='ocrx_word' id='word_1_245' title='bbox 197 3062 297 3130; x_wconf 83' lang='lat' dir='ltr'>visum</span> <span class='ocrx_word' id='word_1_246' title='bbox 315 3064 360 3130; x_wconf 84' lang='lat' dir='ltr'>ert</span> <span class='ocrx_word' id='word_1_247' title='bbox 380 3065 646 3150; x_wconf 47' lang='lat' dir='ltr'>nonvindignum,</span> <span class='ocrx_word' id='word_1_248' title='bbox 676 3063 764 3148; x_wconf 88' lang='lat' dir='ltr'>quod</span> <span class='ocrx_word' id='word_1_249' title='bbox 781 3079 1004 3145; x_wconf 83' lang='lat' dir='ltr'>annotaretur3</span> <span class='ocrx_word' id='word_1_250' title='bbox 1020 3080 1094 3132; x_wconf 90' lang='lat' dir='ltr'>cum</span> <span class='ocrx_word' id='word_1_251' title='bbox 1104 3103 1118 3145; x_wconf 82' lang='lat'>‚</span> 
     </span>
    </p>
   </div>
   <div class='ocr_carea' id='block_1_7' title="bbox 99 3145 1340 3236">
    <p class='ocr_par' dir='ltr' id='par_1_7' title="bbox 99 3145 1340 3236">
     <span class='ocr_line' id='line_1_33' title="bbox 99 3145 1340 3236; baseline -0.002 -20"><span class='ocrx_word' id='word_1_252' title='bbox 99 3153 192 3216; x_wconf 84' lang='lat' dir='ltr'>anam</span> <span class='ocrx_word' id='word_1_253' title='bbox 223 3149 321 3216; x_wconf 88' lang='lat' dir='ltr'>modo</span> <span class='ocrx_word' id='word_1_254' title='bbox 347 3167 388 3213; x_wconf 91' lang='lat' dir='ltr'>ex</span> <span class='ocrx_word' id='word_1_255' title='bbox 413 3151 458 3215; x_wconf 78' lang='lat' dir='ltr'>eir</span> <span class='ocrx_word' id='word_1_256' title='bbox 482 3147 758 3236; x_wconf 85' lang='lat' dir='ltr'>Hypermneilram</span> <span class='ocrx_word' id='word_1_257' title='bbox 787 3147 875 3214; x_wconf 86' lang='lat' dir='ltr'>fratri</span> <span class='ocrx_word' id='word_1_258' title='bbox 898 3165 937 3216; x_wconf 91' lang='lat' dir='ltr'>ac</span> <span class='ocrx_word' id='word_1_259' title='bbox 959 3151 1030 3217; x_wconf 83' lang='lat' dir='ltr'>viro</span> <span class='ocrx_word' id='word_1_260' title='bbox 1056 3145 1115 3214; x_wconf 91' lang='lat' dir='ltr'>suo</span> <span class='ocrx_word' id='word_1_261' title='bbox 1224 3173 1227 3180; x_wconf 58' lang='lat'>¹</span> <span class='ocrx_word' id='word_1_262' title='bbox 1335 3158 1340 3174; x_wconf 88' lang='lat'><strong>·</strong></span> 
     </span>
    </p>
   </div>
   <div class='ocr_carea' id='block_1_8' title="bbox 21 3233 1115 3807">
    <p class='ocr_par' dir='ltr' id='par_1_8' title="bbox 21 3233 1115 3576">
     <span class='ocr_line' id='line_1_34' title="bbox 97 3233 1114 3321; baseline -0.006 -17"><span class='ocrx_word' id='word_1_263' title='bbox 97 3235 232 3321; x_wconf 84' lang='lat' dir='ltr'>Lynceo</span> <span class='ocrx_word' id='word_1_264' title='bbox 252 3233 446 3318; x_wconf 83' lang='lat' dir='ltr'>pepercisse,</span> <span class='ocrx_word' id='word_1_265' title='bbox 475 3235 622 3300; x_wconf 85' lang='lat' dir='ltr'>traditum</span> <span class='ocrx_word' id='word_1_266' title='bbox 648 3233 686 3298; x_wconf 87' lang='lat' dir='ltr'>stt</span> <span class='ocrx_word' id='word_1_267' title='bbox 694 3277 705 3312; x_wconf 94' lang='lat'>,</span> <span class='ocrx_word' id='word_1_268' title='bbox 726 3233 792 3299; x_wconf 82' lang='lat' dir='ltr'>esse</span> <span class='ocrx_word' id='word_1_269' title='bbox 812 3244 938 3313; x_wconf 82' lang='lat' dir='ltr'>tamen,</span> <span class='ocrx_word' id='word_1_270' title='bbox 962 3237 1015 3319; x_wconf 84' lang='lat' dir='ltr'>qni</span> <span class='ocrx_word' id='word_1_271' title='bbox 1033 3233 1114 3300; x_wconf 86' lang='lat' dir='ltr'>hane</span> 
     </span>
     <span class='ocr_line' id='line_1_35' title="bbox 95 3315 1115 3406; baseline -0.004 -21"><span class='ocrx_word' id='word_1_272' title='bbox 95 3322 193 3404; x_wconf 82' lang='lat' dir='ltr'>iptiut</span> <span class='ocrx_word' id='word_1_273' title='bbox 215 3317 337 3383; x_wconf 86' lang='lat' dir='ltr'>laudem</span> <span class='ocrx_word' id='word_1_274' title='bbox 359 3337 432 3385; x_wconf 88' lang='lat' dir='ltr'>eum</span> <span class='ocrx_word' id='word_1_275' title='bbox 455 3320 600 3406; x_wconf 79' lang='lat' dir='ltr'>Bebryca</span> <span class='ocrx_word' id='word_1_276' title='bbox 621 3315 728 3382; x_wconf 85' lang='lat' dir='ltr'>sorore</span> <span class='ocrx_word' id='word_1_277' title='bbox 748 3327 949 3387; x_wconf 83' lang='lat' dir='ltr'>communem</span> <span class='ocrx_word' id='word_1_278' title='bbox 973 3317 1115 3397; x_wconf 83' lang='lat' dir='ltr'>faciant,</span> 
     </span>
     <span class='ocr_line' id='line_1_36' title="bbox 97 3393 1115 3488; baseline -0.006 -16"><span class='ocrx_word' id='word_1_279' title='bbox 97 3407 221 3472; x_wconf 58' lang='lat' dir='ltr'>dream</span> <span class='ocrx_word' id='word_1_280' title='bbox 271 3419 376 3486; x_wconf 87' lang='lat' dir='ltr'>noque</span> <span class='ocrx_word' id='word_1_281' title='bbox 399 3403 580 3488; x_wconf 87' lang='lat' dir='ltr'>Hippolyto</span> <span class='ocrx_word' id='word_1_282' title='bbox 598 3393 774 3486; x_wconf 80' lang='lat' dir='ltr'>pepercisse</span> <span class='ocrx_word' id='word_1_283' title='bbox 788 3401 914 3468; x_wconf 83' lang='lat' dir='ltr'>dicant.</span> <span class='ocrx_word' id='word_1_284' title='bbox 934 3402 999 3469; x_wconf 89' lang='lat' dir='ltr'>hoc</span> <span class='ocrx_word' id='word_1_285' title='bbox 1012 3399 1115 3488; x_wconf 87' lang='lat' dir='ltr'>repeti</span> 
     </span>
     <span class='ocr_line' id='line_1_37' title="bbox 21 3421 1113 3576; baseline -0.004 -22"><span class='ocrx_word' id='word_1_286' title='bbox 21 3569 29 3576; x_wconf 31' lang='grc' dir='ltr'>Ι</span> <span class='ocrx_word' id='word_1_287' title='bbox 96 3489 179 3574; x_wconf 89' lang='lat' dir='ltr'>apud</span> <span class='ocrx_word' id='word_1_288' title='bbox 204 3421 422 3564; x_wconf 74' lang='lat' dir='ltr'>nullarum,</span> <span class='ocrx_word' id='word_1_289' title='bbox 458 3487 597 3572; x_wconf 84' lang='lat' dir='ltr'>Dionyiii</span> <span class='ocrx_word' id='word_1_290' title='bbox 625 3487 840 3569; x_wconf 83' lang='lat' dir='ltr'>interpretem.</span> <span class='ocrx_word' id='word_1_291' title='bbox 891 3485 975 3551; x_wconf 86' lang='lat' dir='ltr'>Tune</span> <span class='ocrx_word' id='word_1_292' title='bbox 992 3493 1113 3552; x_wconf 80' lang='lat' dir='ltr'>veniam</span> 
     </span>
    </p>

    <p class='ocr_par' dir='ltr' id='par_1_9' title="bbox 88 3570 1114 3807">
     <span class='ocr_line' id='line_1_38' title="bbox 88 3570 1114 3660; baseline -0.003 -22"><span class='ocrx_word' id='word_1_293' title='bbox 88 3571 228 3660; x_wconf 74' lang='lat' dir='ltr'>subite]</span> <span class='ocrx_word' id='word_1_294' title='bbox 252 3587 362 3638; x_wconf 87' lang='lat' dir='ltr'>contra</span> <span class='ocrx_word' id='word_1_295' title='bbox 383 3571 641 3638; x_wconf 84' lang='lat' dir='ltr'>consuetudinem</span> <span class='ocrx_word' id='word_1_296' title='bbox 668 3570 903 3649; x_wconf 85' lang='lat' dir='ltr'>Romanorum,</span> <span class='ocrx_word' id='word_1_297' title='bbox 928 3572 983 3655; x_wconf 87' lang='lat' dir='ltr'>qui</span> <span class='ocrx_word' id='word_1_298' title='bbox 995 3619 1004 3650; x_wconf 90' lang='lat'><strong>‚</strong></span> <span class='ocrx_word' id='word_1_299' title='bbox 1024 3589 1114 3654; x_wconf 87' lang='lat' dir='ltr'>pere·</span> 
     </span>
     <span class='ocr_line' id='line_1_39' title="bbox 94 3649 1112 3744; baseline -0.001 -23"><span class='ocrx_word' id='word_1_300' title='bbox 94 3673 151 3744; x_wconf 82' lang='lat' dir='ltr'>gre</span> <span class='ocrx_word' id='word_1_301' title='bbox 176 3673 249 3722; x_wconf 90' lang='lat' dir='ltr'>cum</span> <span class='ocrx_word' id='word_1_302' title='bbox 276 3657 436 3736; x_wconf 87' lang='lat' dir='ltr'>redirent,</span> <span class='ocrx_word' id='word_1_303' title='bbox 461 3657 623 3734; x_wconf 56' lang='lat' dir='ltr'>adventus,</span> <span class='ocrx_word' id='word_1_304' title='bbox 638 3649 682 3718; x_wconf 86' lang='lat' dir='ltr'>sui</span> <span class='ocrx_word' id='word_1_305' title='bbox 703 3653 838 3720; x_wconf 73' lang='lat' dir='ltr'>nuncios</span> <span class='ocrx_word' id='word_1_306' title='bbox 858 3655 1112 3736; x_wconf 66' lang='lat' dir='ltr'>praeluittere&#39;ad</span> 
     </span>
     <span class='ocr_line' id='line_1_40' title="bbox 94 3729 1112 3807; baseline -0.002 -1"><span class='ocrx_word' id='word_1_307' title='bbox 94 3759 210 3807; x_wconf 84' lang='lat' dir='ltr'>uxores</span> <span class='ocrx_word' id='word_1_308' title='bbox 228 3738 386 3806; x_wconf 82' lang='lat' dir='ltr'>solebant.</span> <span class='ocrx_word' id='word_1_309' title='bbox 412 3740 522 3806; x_wconf 76' lang='lat' dir='ltr'>auctor</span> <span class='ocrx_word' id='word_1_310' title='bbox 541 3737 746 3807; x_wconf 84' lang='lat' dir='ltr'>Plutarchus.</span> <span class='ocrx_word' id='word_1_311' title='bbox 768 3729 820 3804; x_wconf 85' lang='lat' dir='ltr'>scd</span> <span class='ocrx_word' id='word_1_312' title='bbox 833 3737 898 3804; x_wconf 84' lang='lat' dir='ltr'>llric</span> <span class='ocrx_word' id='word_1_313' title='bbox 916 3739 988 3805; x_wconf 89' lang='lat' dir='ltr'>ideo</span> <span class='ocrx_word' id='word_1_314' title='bbox 1006 3731 1112 3806; x_wconf 84' lang='lat' dir='ltr'>subito</span> 
     </span>
    </p>
   </div>
   <div class='ocr_carea' id='block_1_9' title="bbox 96 3823 1235 3910">
    <p class='ocr_par' dir='ltr' id='par_1_10' title="bbox 96 3823 1235 3910">
     <span class='ocr_line' id='line_1_41' title="bbox 96 3823 1235 3910; baseline 0.003 -21"><span class='ocrx_word' id='word_1_315' title='bbox 96 3826 204 3890; x_wconf 85' lang='lat' dir='ltr'>venite</span> <span class='ocrx_word' id='word_1_316' title='bbox 221 3824 308 3900; x_wconf 87' lang='lat' dir='ltr'>vult,</span> <span class='ocrx_word' id='word_1_317' title='bbox 328 3828 415 3910; x_wconf 87' lang='lat' dir='ltr'>quod</span> <span class='ocrx_word' id='word_1_318' title='bbox 429 3826 596 3908; x_wconf 87' lang='lat' dir='ltr'>repentino</span> <span class='ocrx_word' id='word_1_319' title='bbox 616 3825 753 3890; x_wconf 85' lang='lat' dir='ltr'>adventu</span> <span class='ocrx_word' id='word_1_320' title='bbox 772 3823 828 3890; x_wconf 89' lang='lat' dir='ltr'>suo</span> <span class='ocrx_word' id='word_1_321' title='bbox 846 3823 944 3904; x_wconf 79' lang='lat' dir='ltr'>maius</span> <span class='ocrx_word' id='word_1_322' title='bbox 965 3826 1110 3910; x_wconf 80' lang='lat' dir='ltr'>gaudium</span> <span class='ocrx_word' id='word_1_323' title='bbox 1232 3825 1235 3838; x_wconf 94' lang='lat'>&#39;</span> 
     </span>
    </p>
   </div>
   <div class='ocr_carea' id='block_1_10' title="bbox 91 3909 1231 4162">
    <p class='ocr_par' dir='ltr' id='par_1_11' title="bbox 91 3909 1231 4162">
     <span class='ocr_line' id='line_1_42' title="bbox 91 3909 557 3994; baseline -0.006 -18"><span class='ocrx_word' id='word_1_324' title='bbox 91 3909 217 3994; x_wconf 89' lang='lat' dir='ltr'>puellae</span> <span class='ocrx_word' id='word_1_325' title='bbox 228 3910 388 3992; x_wconf 79' lang='lat' dir='ltr'>objetturn</span> <span class='ocrx_word' id='word_1_326' title='bbox 404 3911 441 3977; x_wconf 89' lang='lat' dir='ltr'>iri</span> <span class='ocrx_word' id='word_1_327' title='bbox 458 3910 557 3980; x_wconf 85' lang='lat' dir='ltr'>videt.</span> 
     </span>
     <span class='ocr_line' id='line_1_43' title="bbox 663 4051 1231 4162; baseline -0.002 -19"><span class='ocrx_word' id='word_1_328' title='bbox 663 4051 744 4143; x_wconf 72' lang='lat' dir='ltr'>llil&lt;</span> <span class='ocrx_word' id='word_1_329' title='bbox 767 4088 795 4162; x_wconf 32' lang='lat' dir='ltr'>a,</span> <span class='ocrx_word' id='word_1_330' title='bbox 919 4129 924 4146; x_wconf 86' lang='lat'>.</span> <span class='ocrx_word' id='word_1_331' title='bbox 1054 4085 1231 4156; x_wconf 51' lang='lat' dir='ltr'>rrts?</span> 
     </span>
    </p>
   </div>
   <div class='ocr_carea' id='block_1_11' title="bbox 0 9 1404 4892">
    <p class='ocr_par' dir='ltr' id='par_1_12' title="bbox 0 9 1404 4892">
     <span class='ocr_line' id='line_1_44' title="bbox 0 9 1404 4892; baseline 0 10"><span class='ocrx_word' id='word_1_332' title='bbox 0 9 1404 4892; x_wconf 95' lang='lat' dir='ltr'> </span> 
     </span>
    </p>
   </div>
  </div>
 </body>
</html>
