2774 4900
34 384 45 424 Ι

244 314 298 381 ru
343 295 626 367 Csrurnnrr
664 295 941 392 Conruurqr.
1038 245 1115 398 ᾗς.
1211 353 1214 360 -

85 457 184 527 Venio
198 474 278 522 nunc
299 453 339 520 od
354 449 459 549 r'Jiius,
480 453 719 540 quemn'durolrrm
740 453 804 556 ipss
821 433 980 544 appellus,
988 441 1104 544 florib..
1128 419 1133 426 .

25 611 29 616 Ι
78 565 152 618 un,-
172 553 206 614 ω
222 541 314 611 orriri
332 557 414 624 epus,
434 543 583 620 morbum,
609 543 645 614 ὃ)
661 537 832 622 insontum
854 555 887 607 ur
905 543 1020 623 Siculi,
1045 547 1092 610 la·

81 626 254 693 norisium.
295 621 446 718 Apposste
459 637 562 702 nutent
583 623 614 690 id
630 619 717 690 uerbi
732 625 870 692 adhibuit
886 633 1000 712 poeta,
1024 648 1089 714 quo

71 713 105 778 in
121 709 293 776 amisorum
306 707 389 774 vrtzis
407 723 585 787 urerentur3
608 707 660 794 qui
676 711 705 776 &
721 705 752 774 se
766 709 898 778 arnicurn
914 703 981 776 esse
989 712 1093 798 Egna-

73 798 124 862 tio
142 794 283 873 simulet,
304 793 334 858 br
352 786 519 858 udrironere
536 811 626 876 eunr,
647 791 729 876 quafi
751 794 867 868 amice,
891 795 981 861 velit.
1004 797 1090 887 Qun-

80 901 115 947 re
133 878 290 963 monendus
308 873 348 972 rji
364 876 472 962 nihl]
495 875 641 957 haetenus
658 878 697 942 de
717 895 756 941 eo
777 879 901 944 locutus
922 879 982 946 est:
1002 899 1086 958 nune

29 1012 43 1020 -
80 965 119 1030 ad
145 981 215 1028 eum
236 975 412 1028 orationem
438 962 623 1040 convertit,
652 960 812 1048 inquiens,
843 963 921 1026 Bone
943 965 1083 1048 lignun,

78 1047 172 1130 &eff
202 1043 303 1112 subell
325 1060 428 1110 autern
454 1049 502 1110 vis
523 1045 695 1128 argumenti
719 1043 816 1112 >ia-*s*
838 1045 991 1127 sidem„
1023 1050 1087 1116 hoc

76 1133 190 1212 ruodo.
229 1131 333 1197 Etiern
348 1129 369 1194 li
385 1129 533 1199 oriundus
546 1129 627 1194 esses
641 1146 680 1196 ex
697 1130 799 1212 aliqua
813 1147 916 1196 errunr
928 1132 1087 1216 genriurn,

76 1235 164 1311 quae
187 1213 242 1282 libi
265 1213 403 1287 dentiurn
430 1215 596 1280 candorem
622 1213 687 1280 line
708 1213 769 1278 ulla
792 1213 938 1298 spurcitia
966 1233 1092 1304 eompa-

78 1317 170 1372 rant:
192 1313 314 1378 tonren,
336 1297 377 1362 ita
395 1294 596 1384 frequenter,
615 1315 652 1362 ao
667 1297 749 1364 nulla
765 1297 929 1365 occasione
943 1317 1090 1367 eosresre·
1133 1325 1138 1338 ·

75 1404 176 1475 gere,
197 1383 336 1468 ineptum
358 1379 456 1448 esset.
484 1381 714 1467 quanto'igitur
735 1380 767 1457 id
782 1382 918 1468 ineptius
934 1382 995 1463 est,
1017 1404 1090 1468 curn
1118 1381 1123 1394 “

78 1469 233 1552 originem
254 1485 292 1530 ex
309 1485 343 1531 ea
361 1483 455 1550 gente
471 1466 630 1532 bominum
643 1465 756 1552 ducas,
778 1485 857 1551 quae
876 1465 930 1532 libi
940 1487 1003 1536 non
1018 1470 1089 1536 hor·

75 1571 131 1620 ret
146 1551 284 1636 quotidie
303 1541 389 1616 urina
409 1549 586 1619 confricare
606 1551 761 1634 gingivas,
784 1567 819 1615 ut
836 1551 947 1620 dentes
971 1551 1089 1618 efficiar

78 1635 255 1703 candidos?
272 1637 311 1700 Si
331 1641 461 1702 urbanus
479 1634 553 1720 esses
573 1635 589 1722 ]
610 1632 721 1714 idest,
740 1637 771 1700 in
789 1634 865 1698 urbe
880 1651 981 1702 natus.
1020 1637 1088 1704 Aur

21 1780 24 1790 .
72 1737 189 1818 porrus
211 1719 323 1784 Umber
343 1719 358 1806 ]
382 1720 505 1802 viderur
521 1717 997 1804 frugalitatemtlrpursunoniunr
1010 1719 1087 1787 Urn-

76 1807 147 1874 brrs
162 1804 314 1868 tribuere.
338 1823 447 1870 contra
462 1821 562 1870 tnrncn
580 1813 688 1869 eorum
707 1791 824 1868 luinsa
840 1801 1090 1870 rnulrisirloneis-

78 1908 147 1973 qne
168 1888 370 1971 scriptoribus
385 1889 555 1956 incesfitur.
596 1891 662 1956 Aur
678 1887 776 1970 obesus
792 1886 978 1972 Etruscan]
1003 1895 1089 1954 ebo·

75 1973 175 2062 prolis
198 1973 373 2050 videlieet,
408 1971 689 2056 frequentibusque
713 1970 932 2037 l'ocrificiorunr
960 1973 1085 2056 epulis,

74 2057 192 2144 quibus
208 2075 244 2122 ea
261 2076 335 2142 gens
356 2056 520 2139 plurimum
541 2057 644 2122 dedita
663 2053 758 2120 fuisse
777 2055 901 2120 dicitur.
942 2059 1007 2120 Aur
1025 2057 1092 2122 Lo·

74 2147 209 2206 nurinns
229 2141 330 2228 uren]
354 2141 482 2220 insiliis,
505 2161 581 2204 orer.
612 2137 657 2204 Ul
676 2157 750 2202 meus
766 2159 881 2226 quoque
896 2141 1084 2226 ottingun]

76 2221 747 2306 verona·enlmestexltsllarnnspadann
788 2221 918 2308 Loris]
941 2225 983 2291 ira
1005 2223 1088 2289 dice·
1124 2277 1131 2286 ,

74 2309 156 2376 bant
178 2328 319 2392 veteres,
338 2328 424 2388 non,
445 2323 480 2374 ut
503 2321 607 2389 nuuc,
629 2307 724 2372 leuat.
764 2303 930 2389 Virgilius,
948 2332 990 2358 ...
1010 2309 1089 2374 lusit

74 2398 214 2478 improbo
235 2407 311 2471 zeter
328 2393 398 2460 Ora
418 2413 516 2474 cruor.
765 2381 775 2419 ²

121 2477 205 2543 Nom
228 2475 290 2562 risu
310 2475 441 2576 inepto]
460 2478 508 2544 'ob
524 2475 561 2542 id·
575 2476 667 2542 etianr
688 2471 819 2553 Graeci,
842 2489 921 2556 quos
940 2471 1089 2562 fignifica-

73 2581 112 2628 re
132 2562 243 2628 volunt
256 2561 416 2648 inflgnrrer
437 2561 562 2641 fatuos,
585 2563 773 2652 aipafrin&
791 2575 917 2624 vocant·
962 2559 1091 2624 Celtibe·

73 2651 131 2712 ria
146 2649 178 2711 r'n
198 2647 315 2733 terro]
338 2647 634 2732 antiqueudrliturn,
656 2659 750 2708 terra.

95 2804 978 2907 ,mansuroque

117 2986 273 3078 Quaenam
286 2995 314 3048 le
331 2985 412 3050 mula
433 2983 557 3132 ruens}³
572 2981 659 3061 huius
674 2977 781 3048 versus
799 2977 951 3062 postrema
970 2977 1086 3066 syllaba

75 3091 94 3137 a
121 3070 260 3154 principe
282 3066 494 3152 subsequentis
519 3087 535 3131 a
560 3065 698 3131 sumitur.
749 3065 829 3148 Agit
855 3065 1085 3151 praecipitere]

76 3175 150 3220 curn
172 3155 252 3220 enirn
275 3171 361 3218 meos
378 3170 499 3218 amores
520 3164 673 3216 attentare
693 3149 804 3226 sudes,
827 3163 893 3212 turn
912 3149 1025 3217 videris
1038 3149 1083 3214 ul·

72 3255 126 3304 tro
142 3239 172 3306 in
192 3236 287 3306 infern
310 3255 451 3302 meorum
466 3235 610 3300 versuurn
626 3233 724 3298 acient
743 3233 918 3313 incurrere,
938 3250 1032 3315 teque
1049 3239 1080 3301 in

76 3341 134 3387 eos
152 3321 352 3406 praecipitem
372 3322 456 3387 dare.
479 3319 579 3410 ,Quis
597 3316 702 3401 deut]
725 3315 812 3380 odiis
824 3317 904 3380 eninr
925 3319 1008 3381 iratis
1023 3338 1085 3383 nra·

77 3408 110 3473 la
123 3407 247 3476 consilia
262 3407 299 3480 in
320 3406 480 3472 hominum
498 3417 621 3470 mentes
639 3401 764 3466 irnrnitti
783 3401 943 3482 putabant.
989 3401 1079 3466 Cice·

73 3509 113 3558 ro
128 3511 186 3576 pro
205 3491 347 3572 Milone,
369 3491 432 3556 Hic
450 3491 495 3554 dii
514 3486 715 3579 irnmorrtrlqs,
736 3482 875 3568 utsupra
894 3487 982 3560 lixi,
1006 3507 1084 3550 men·

73 3577 293 3650 remisserunt
319 3577 369 3640 illi
390 3575 526 3659 perdito,
550 3591 585 3636 or
604 3567 744 3652 furioso,
772 3582 805 3634 ut
825 3571 876 3634 illi
889 3568 1009 3648 faceret
1036 3575 1085 3634 irt-

65 3657 184 3740 fidios.
209 3663 300 3726 ubter
317 3662 418 3740 perire
434 3653 526 3744 pestis
541 3655 598 3720 illu
614 3673 673 3718 non
683 3664 813 3738 poterut.
848 3655 910 3722 Aut
925 3653 961 3718 ud
978 3674 1086 3719 eorurn
1144 3681 1147 3688 ⁴

70 3741 259 3822 sententiam
278 3743 421 3828 respicit,
442 3743 495 3828 qui
512 3738 715 3816 affesliones,
735 3735 848 3820 quibus
865 3739 996 3820 agitatur
1019 3739 1081 3802 ani·
1177 3742 1183 3761 ‘

69 3846 160 3910 rnus,
186 3831 252 3894 deos
271 3828 430 3896 vocabant
447 3873 457 3894 .
477 3827 509 3892 in
530 3821 723 3890 Graecorum
746 3822 827 3889 enirn
853 3823 1086 3888 cornnrentnriis

58 3915 219 3999 reperio,
241 3913 289 3982 der·
315 3931 432 3982 nornen
457 3912 594 3998 quinque
620 3905 704 4058 feri3
706 3903 808 3972 nodis
821 3905 955 3994 usurpari
971 3905 1088 3984 solere,
1108 3935 1114 3948 „

115 4000 117 4006 ’
712 4009 802 4074 cc4
1052 4003 1090 4054 ut
1145 4041 1148 4051 .

799 4229 805 4238 '
854 4223 862 4260 Ι
