<?xml version="1.0" encoding="UTF-8"?>
<!DOCTYPE html PUBLIC "-//W3C//DTD XHTML 1.0 Transitional//EN"
    "http://www.w3.org/TR/xhtml1/DTD/xhtml1-transitional.dtd">
<html xmlns="http://www.w3.org/1999/xhtml" xml:lang="en" lang="en">
 <head>
  <title>
</title>
<meta http-equiv="Content-Type" content="text/html;charset=utf-8" />
  <meta name='ocr-system' content='tesseract 3.04.00' />
  <meta name='ocr-capabilities' content='ocr_page ocr_carea ocr_par ocr_line ocrx_word'/>
</head>
<body>
  <div class='ocr_page' id='page_1' title='image "./mantoniimuretio01thomgoog_0761.png"; bbox 0 0 2774 4900; ppageno 0'>
   <div class='ocr_carea' id='block_1_1' title="bbox 186 303 1138 420">
    <p class='ocr_par' dir='ltr' id='par_1_1' title="bbox 186 303 1138 420">
     <span class='ocr_line' id='line_1_1' title="bbox 186 303 1138 420; baseline 0.037 -33"><span class='ocrx_word' id='word_1_1' title='bbox 186 357 187 361; x_wconf 61' lang='lat'><em>=</em></span> <span class='ocrx_word' id='word_1_2' title='bbox 262 319 656 393; x_wconf 77' lang='lat' dir='ltr'>ttt.thtrtt.utt</span> <span class='ocrx_word' id='word_1_3' title='bbox 701 315 982 394; x_wconf 68' lang='lat' dir='ltr'>donarent.</span> <span class='ocrx_word' id='word_1_4' title='bbox 1073 303 1138 420; x_wconf 62' lang='lat' dir='ltr'>iii</span> 
     </span>
    </p>
   </div>
   <div class='ocr_carea' id='block_1_2' title="bbox 140 473 1205 826">
    <p class='ocr_par' dir='ltr' id='par_1_2' title="bbox 140 473 1205 826">
     <span class='ocr_line' id='line_1_2' title="bbox 142 473 1205 568; baseline 0.002 -17"><span class='ocrx_word' id='word_1_5' title='bbox 142 480 202 551; x_wconf 82' lang='lat' dir='ltr'>Cui</span> <span class='ocrx_word' id='word_1_6' title='bbox 215 499 311 568; x_wconf 79' lang='lat' dir='ltr'>neque</span> <span class='ocrx_word' id='word_1_7' title='bbox 323 482 496 566; x_wconf 41' lang='lat' dir='ltr'>,iuuentute</span> <span class='ocrx_word' id='word_1_8' title='bbox 514 477 582 568; x_wconf 73' lang='lat' dir='ltr'>efi,</span> <span class='ocrx_word' id='word_1_9' title='bbox 605 499 659 545; x_wconf 87' lang='lat' dir='ltr'>net</span> <span class='ocrx_word' id='word_1_10' title='bbox 671 473 801 565; x_wconf 75' lang='lat' dir='ltr'>sertus,</span> <span class='ocrx_word' id='word_1_11' title='bbox 822 498 875 546; x_wconf 83' lang='lat' dir='ltr'>nte</span> <span class='ocrx_word' id='word_1_12' title='bbox 891 502 985 550; x_wconf 85' lang='lat' dir='ltr'>tonet</span> <span class='ocrx_word' id='word_1_13' title='bbox 998 483 1090 552; x_wconf 75' lang='lat' dir='ltr'>udus.</span> <span class='ocrx_word' id='word_1_14' title='bbox 1203 503 1205 510; x_wconf 77' lang='grc'>’</span> 
     </span>
     <span class='ocr_line' id='line_1_3' title="bbox 141 562 1127 660; baseline 0.009 -29"><span class='ocrx_word' id='word_1_15' title='bbox 141 567 295 656; x_wconf 86' lang='lat' dir='ltr'>Bulgnm,</span> <span class='ocrx_word' id='word_1_16' title='bbox 310 567 345 638; x_wconf 67' lang='lat' dir='ltr'>fii</span> <span class='ocrx_word' id='word_1_17' title='bbox 363 567 514 652; x_wconf 83' lang='lat' dir='ltr'>quidquid</span> <span class='ocrx_word' id='word_1_18' title='bbox 533 565 624 631; x_wconf 77' lang='lat' dir='ltr'>balet</span> <span class='ocrx_word' id='word_1_19' title='bbox 640 585 815 645; x_wconf 81' lang='lat' dir='ltr'>annorum,</span> <span class='ocrx_word' id='word_1_20' title='bbox 822 562 926 650; x_wconf 82' lang='lat' dir='ltr'>setam</span> <span class='ocrx_word' id='word_1_21' title='bbox 941 569 1033 636; x_wconf 85' lang='lat' dir='ltr'>lralret</span> <span class='ocrx_word' id='word_1_22' title='bbox 1043 567 1127 660; x_wconf 70' lang='lat' dir='ltr'>ipse.⁸</span> 
     </span>
     <span class='ocr_line' id='line_1_4' title="bbox 141 653 987 736; baseline 0.004 -20"><span class='ocrx_word' id='word_1_23' title='bbox 141 657 217 730; x_wconf 79' lang='lat' dir='ltr'>Cum</span> <span class='ocrx_word' id='word_1_24' title='bbox 236 653 330 736; x_wconf 82' lang='lat' dir='ltr'>balga</span> <span class='ocrx_word' id='word_1_25' title='bbox 356 665 466 728; x_wconf 82' lang='lat' dir='ltr'>terant,</span> <span class='ocrx_word' id='word_1_26' title='bbox 488 653 620 725; x_wconf 79' lang='lat' dir='ltr'><em>dormit,</em></span> <span class='ocrx_word' id='word_1_27' title='bbox 643 653 744 717; x_wconf 81' lang='lat' dir='ltr'>latit:</span> <span class='ocrx_word' id='word_1_28' title='bbox 766 654 860 714; x_wconf 82' lang='lat' dir='ltr'>omnis</span> <span class='ocrx_word' id='word_1_29' title='bbox 878 657 911 718; x_wconf 83' lang='lat' dir='ltr'>ira</span> <span class='ocrx_word' id='word_1_30' title='bbox 925 673 987 720; x_wconf 83' lang='lat' dir='ltr'>urta</span> 
     </span>
     <span class='ocr_line' id='line_1_5' title="bbox 140 729 1009 826; baseline 0.006 -23"><span class='ocrx_word' id='word_1_31' title='bbox 140 742 215 826; x_wconf 80' lang='lat' dir='ltr'>Spes</span> <span class='ocrx_word' id='word_1_32' title='bbox 236 737 368 804; x_wconf 79' lang='lat' dir='ltr'>bominis</span> <span class='ocrx_word' id='word_1_33' title='bbox 389 737 504 824; x_wconf 76' lang='lat' dir='ltr'>balga:</span> <span class='ocrx_word' id='word_1_34' title='bbox 527 731 584 802; x_wconf 78' lang='lat' dir='ltr'>irat</span> <span class='ocrx_word' id='word_1_35' title='bbox 600 731 741 802; x_wconf 78' lang='lat' dir='ltr'>derinila</span> <span class='ocrx_word' id='word_1_36' title='bbox 757 729 797 818; x_wconf 84' lang='lat' dir='ltr'>est</span> <span class='ocrx_word' id='word_1_37' title='bbox 813 748 914 804; x_wconf 82' lang='lat' dir='ltr'>cetera</span> <span class='ocrx_word' id='word_1_38' title='bbox 930 745 1009 808; x_wconf 72' lang='lat' dir='ltr'>lita.</span> 
     </span>
    </p>
   </div>
   <div class='ocr_carea' id='block_1_3' title="bbox 21 899 1126 1509">
    <p class='ocr_par' dir='ltr' id='par_1_3' title="bbox 21 899 1126 1509">
     <span class='ocr_line' id='line_1_6' title="bbox 141 899 1123 990; baseline 0.001 -16"><span class='ocrx_word' id='word_1_39' title='bbox 141 907 210 974; x_wconf 90' lang='lat' dir='ltr'>Nec</span> <span class='ocrx_word' id='word_1_40' title='bbox 221 908 346 982; x_wconf 30' lang='lat' dir='ltr'>trinta,</span> <span class='ocrx_word' id='word_1_41' title='bbox 371 923 425 969; x_wconf 84' lang='lat' dir='ltr'>nec</span> <span class='ocrx_word' id='word_1_42' title='bbox 441 904 606 990; x_wconf 77' lang='lat' dir='ltr'>arantur]</span> <span class='ocrx_word' id='word_1_43' title='bbox 629 899 755 984; x_wconf 87' lang='lat' dir='ltr'>facete,</span> <span class='ocrx_word' id='word_1_44' title='bbox 777 921 812 970; x_wconf 88' lang='lat' dir='ltr'>uc</span> <span class='ocrx_word' id='word_1_45' title='bbox 834 902 940 970; x_wconf 86' lang='lat' dir='ltr'>omnia</span> <span class='ocrx_word' id='word_1_46' title='bbox 956 901 1123 976; x_wconf 81' lang='lat' dir='ltr'>deesl‘edi·</span> 
     </span>
     <span class='ocr_line' id='line_1_7' title="bbox 94 985 1118 1075; baseline -0.002 -15"><span class='ocrx_word' id='word_1_47' title='bbox 94 1009 172 1073; x_wconf 80' lang='lat' dir='ltr'>cet,</span> <span class='ocrx_word' id='word_1_48' title='bbox 194 1011 231 1058; x_wconf 82' lang='lat' dir='ltr'>ea</span> <span class='ocrx_word' id='word_1_49' title='bbox 248 1007 377 1075; x_wconf 88' lang='lat' dir='ltr'>quoque</span> <span class='ocrx_word' id='word_1_50' title='bbox 395 987 503 1054; x_wconf 87' lang='lat' dir='ltr'>deesse</span> <span class='ocrx_word' id='word_1_51' title='bbox 521 990 619 1069; x_wconf 88' lang='lat' dir='ltr'>dicit,</span> <span class='ocrx_word' id='word_1_52' title='bbox 640 1004 722 1072; x_wconf 84' lang='lat' dir='ltr'>quae</span> <span class='ocrx_word' id='word_1_53' title='bbox 739 985 825 1056; x_wconf 87' lang='lat' dir='ltr'>usum</span> <span class='ocrx_word' id='word_1_54' title='bbox 844 988 964 1056; x_wconf 83' lang='lat' dir='ltr'>nullum</span> <span class='ocrx_word' id='word_1_55' title='bbox 985 992 1118 1074; x_wconf 84' lang='lat' dir='ltr'>babent,</span> 
     </span>
     <span class='ocr_line' id='line_1_8' title="bbox 21 1071 1121 1168; baseline -0.011 -22"><span class='ocrx_word' id='word_1_56' title='bbox 21 1135 24 1146; x_wconf 91' lang='lat'><em>.</em></span> <span class='ocrx_word' id='word_1_57' title='bbox 95 1095 243 1168; x_wconf 85' lang='lat' dir='ltr'>quaeque</span> <span class='ocrx_word' id='word_1_58' title='bbox 255 1093 318 1142; x_wconf 91' lang='lat' dir='ltr'>non</span> <span class='ocrx_word' id='word_1_59' title='bbox 333 1075 447 1140; x_wconf 87' lang='lat' dir='ltr'>habere</span> <span class='ocrx_word' id='word_1_60' title='bbox 463 1075 570 1158; x_wconf 88' lang='lat' dir='ltr'>putlus</span> <span class='ocrx_word' id='word_1_61' title='bbox 584 1071 740 1156; x_wconf 82' lang='lat' dir='ltr'>quilibet,</span> <span class='ocrx_word' id='word_1_62' title='bbox 759 1092 855 1160; x_wconf 81' lang='lat' dir='ltr'>quant</span> <span class='ocrx_word' id='word_1_63' title='bbox 876 1073 1009 1156; x_wconf 86' lang='lat' dir='ltr'>babere,</span> <span class='ocrx_word' id='word_1_64' title='bbox 1031 1095 1121 1160; x_wconf 87' lang='lat' dir='ltr'>prae.</span> 
     </span>
     <span class='ocr_line' id='line_1_9' title="bbox 94 1155 1126 1250; baseline -0.002 -17"><span class='ocrx_word' id='word_1_65' title='bbox 94 1181 191 1250; x_wconf 87' lang='lat' dir='ltr'>optet</span> <span class='ocrx_word' id='word_1_66' title='bbox 213 1159 278 1227; x_wconf 84' lang='lat' dir='ltr'>fibi.</span> <span class='ocrx_word' id='word_1_67' title='bbox 330 1159 403 1246; x_wconf 28' lang='lat' dir='ltr'>Ner,</span> <span class='ocrx_word' id='word_1_68' title='bbox 428 1155 549 1246; x_wconf 69' lang='lat' dir='ltr'>ignit]</span> <span class='ocrx_word' id='word_1_69' title='bbox 597 1157 747 1224; x_wconf 85' lang='lat' dir='ltr'>summam</span> <span class='ocrx_word' id='word_1_70' title='bbox 776 1173 991 1244; x_wconf 82' lang='lat' dir='ltr'>paupertatem</span> <span class='ocrx_word' id='word_1_71' title='bbox 1015 1178 1126 1231; x_wconf 85' lang='lat' dir='ltr'>notnt.</span> 
     </span>
     <span class='ocr_line' id='line_1_10' title="bbox 93 1241 1125 1338; baseline -0.001 -24"><span class='ocrx_word' id='word_1_72' title='bbox 93 1249 261 1338; x_wconf 84' lang='lat' dir='ltr'>quippe&amp;</span> <span class='ocrx_word' id='word_1_73' title='bbox 282 1241 450 1324; x_wconf 80' lang='lat' dir='ltr'>Tibullus,</span> <span class='ocrx_word' id='word_1_74' title='bbox 472 1262 545 1308; x_wconf 88' lang='lat' dir='ltr'>curn</span> <span class='ocrx_word' id='word_1_75' title='bbox 568 1255 783 1328; x_wconf 82' lang='lat' dir='ltr'>paupertatem</span> <span class='ocrx_word' id='word_1_76' title='bbox 803 1262 822 1308; x_wconf 86' lang='lat' dir='ltr'>a</span> <span class='ocrx_word' id='word_1_77' title='bbox 840 1241 873 1308; x_wconf 86' lang='lat' dir='ltr'>ie</span> <span class='ocrx_word' id='word_1_78' title='bbox 894 1262 959 1309; x_wconf 91' lang='lat' dir='ltr'>non</span> <span class='ocrx_word' id='word_1_79' title='bbox 978 1243 1125 1329; x_wconf 88' lang='lat' dir='ltr'>deprccc·</span> 
     </span>
     <span class='ocr_line' id='line_1_11' title="bbox 99 1325 1124 1417; baseline -0.011 -16"><span class='ocrx_word' id='word_1_80' title='bbox 99 1353 173 1412; x_wconf 91' lang='lat' dir='ltr'>tur,</span> <span class='ocrx_word' id='word_1_81' title='bbox 195 1330 276 1398; x_wconf 86' lang='lat' dir='ltr'>hanc</span> <span class='ocrx_word' id='word_1_82' title='bbox 292 1344 399 1396; x_wconf 84' lang='lat' dir='ltr'>tamen</span> <span class='ocrx_word' id='word_1_83' title='bbox 413 1328 636 1412; x_wconf 82' lang='lat' dir='ltr'>exceptionem</span> <span class='ocrx_word' id='word_1_84' title='bbox 649 1327 802 1410; x_wconf 76' lang='lat' dir='ltr'>adhibet,</span> <span class='ocrx_word' id='word_1_85' title='bbox 820 1341 857 1394; x_wconf 91' lang='lat' dir='ltr'>ut</span> <span class='ocrx_word' id='word_1_86' title='bbox 875 1327 932 1396; x_wconf 86' lang='lat' dir='ltr'>fibi</span> <span class='ocrx_word' id='word_1_87' title='bbox 945 1325 1040 1396; x_wconf 82' lang='lat' dir='ltr'>focus</span> <span class='ocrx_word' id='word_1_88' title='bbox 1052 1349 1124 1417; x_wconf 86' lang='lat' dir='ltr'>ptr.</span> 
     </span>
     <span class='ocr_line' id='line_1_12' title="bbox 93 1417 355 1509; baseline -0.031 -23"><span class='ocrx_word' id='word_1_89' title='bbox 93 1435 200 1509; x_wconf 86' lang='lat' dir='ltr'>petuo</span> <span class='ocrx_word' id='word_1_90' title='bbox 220 1417 335 1481; x_wconf 84' lang='lat' dir='ltr'>luceat.</span> <span class='ocrx_word' id='word_1_91' title='bbox 354 1467 355 1470; x_wconf 63' lang='lat'>,</span> 
     </span>
    </p>
   </div>
   <div class='ocr_carea' id='block_1_4' title="bbox 111 1574 1109 1752">
    <p class='ocr_par' dir='ltr' id='par_1_4' title="bbox 111 1574 1109 1752">
     <span class='ocr_line' id='line_1_13' title="bbox 138 1574 1109 1666; baseline -0.003 -16"><span class='ocrx_word' id='word_1_92' title='bbox 138 1585 218 1661; x_wconf 86' lang='lat' dir='ltr'>Me,</span> <span class='ocrx_word' id='word_1_93' title='bbox 239 1580 363 1666; x_wconf 88' lang='lat' dir='ltr'>inquit,</span> <span class='ocrx_word' id='word_1_94' title='bbox 384 1600 449 1646; x_wconf 86' lang='lat' dir='ltr'>rnen</span> <span class='ocrx_word' id='word_1_95' title='bbox 469 1585 635 1665; x_wconf 83' lang='lat' dir='ltr'>paupertas</span> <span class='ocrx_word' id='word_1_96' title='bbox 656 1581 737 1648; x_wconf 79' lang='lat' dir='ltr'>ritae</span> <span class='ocrx_word' id='word_1_97' title='bbox 760 1574 900 1652; x_wconf 77' lang='lat' dir='ltr'>eradicat</span> <span class='ocrx_word' id='word_1_98' title='bbox 922 1584 1019 1652; x_wconf 85' lang='lat' dir='ltr'>inerti</span> <span class='ocrx_word' id='word_1_99' title='bbox 1029 1603 1043 1660; x_wconf 89' lang='lat'>,·</span> <span class='ocrx_word' id='word_1_100' title='bbox 1104 1655 1109 1662; x_wconf 57' lang='grc'><em>,</em></span> 
     </span>
     <span class='ocr_line' id='line_1_14' title="bbox 111 1663 837 1752; baseline 0 -16"><span class='ocrx_word' id='word_1_101' title='bbox 111 1689 115 1696; x_wconf 93' lang='grc'><strong><em>·</em></strong></span> <span class='ocrx_word' id='word_1_102' title='bbox 176 1669 261 1736; x_wconf 85' lang='lat' dir='ltr'>Dant</span> <span class='ocrx_word' id='word_1_103' title='bbox 284 1683 363 1732; x_wconf 83' lang='lat' dir='ltr'>meur</span> <span class='ocrx_word' id='word_1_104' title='bbox 387 1663 502 1746; x_wconf 81' lang='lat' dir='ltr'>orfiduo</span> <span class='ocrx_word' id='word_1_105' title='bbox 527 1665 627 1731; x_wconf 81' lang='lat' dir='ltr'>lateat</span> <span class='ocrx_word' id='word_1_106' title='bbox 645 1671 717 1752; x_wconf 84' lang='lat' dir='ltr'>igne</span> <span class='ocrx_word' id='word_1_107' title='bbox 733 1667 837 1749; x_wconf 78' lang='lat' dir='ltr'>sotus.</span> 
     </span>
    </p>
   </div>
   <div class='ocr_carea' id='block_1_5' title="bbox 93 1827 1127 2510">
    <p class='ocr_par' dir='ltr' id='par_1_5' title="bbox 93 1827 1127 2510">
     <span class='ocr_line' id='line_1_15' title="bbox 93 1827 1126 1924; baseline -0.001 -17"><span class='ocrx_word' id='word_1_108' title='bbox 93 1839 136 1907; x_wconf 86' lang='lat' dir='ltr'>ln</span> <span class='ocrx_word' id='word_1_109' title='bbox 157 1835 285 1903; x_wconf 82' lang='lat' dir='ltr'>nedibus</span> <span class='ocrx_word' id='word_1_110' title='bbox 304 1849 437 1924; x_wconf 83' lang='lat' dir='ltr'>quoque¹</span> <span class='ocrx_word' id='word_1_111' title='bbox 456 1827 534 1899; x_wconf 83' lang='lat' dir='ltr'>senis</span> <span class='ocrx_word' id='word_1_112' title='bbox 561 1831 642 1901; x_wconf 76' lang='lat' dir='ltr'>illiue</span> <span class='ocrx_word' id='word_1_113' title='bbox 670 1833 835 1918; x_wconf 84' lang='lat' dir='ltr'>Plautini,</span> <span class='ocrx_word' id='word_1_114' title='bbox 867 1831 921 1922; x_wconf 89' lang='lat' dir='ltr'>qui</span> <span class='ocrx_word' id='word_1_115' title='bbox 943 1837 974 1902; x_wconf 95' lang='lat' dir='ltr'>in</span> <span class='ocrx_word' id='word_1_116' title='bbox 998 1827 1126 1907; x_wconf 81' lang='lat' dir='ltr'>suntmlt</span> 
     </span>
     <span class='ocr_line' id='line_1_16' title="bbox 95 1917 1125 2008; baseline -0.005 -18"><span class='ocrx_word' id='word_1_117' title='bbox 95 1921 213 2008; x_wconf 86' lang='lat' dir='ltr'>opibus</span> <span class='ocrx_word' id='word_1_118' title='bbox 234 1919 352 2002; x_wconf 85' lang='lat' dir='ltr'>lurnma</span> <span class='ocrx_word' id='word_1_119' title='bbox 369 1918 474 2002; x_wconf 83' lang='lat' dir='ltr'>inopia</span> <span class='ocrx_word' id='word_1_120' title='bbox 492 1917 676 1998; x_wconf 77' lang='lat' dir='ltr'>laborabat,</span> <span class='ocrx_word' id='word_1_121' title='bbox 703 1937 807 1988; x_wconf 83' lang='lat' dir='ltr'>tamen</span> <span class='ocrx_word' id='word_1_122' title='bbox 831 1919 910 2007; x_wconf 81' lang='lat' dir='ltr'>ignis</span> <span class='ocrx_word' id='word_1_123' title='bbox 927 1919 1024 1988; x_wconf 83' lang='lat' dir='ltr'>fuisse</span> <span class='ocrx_word' id='word_1_124' title='bbox 1045 1923 1125 1990; x_wconf 84' lang='lat' dir='ltr'>dici.</span> 
     </span>
     <span class='ocr_line' id='line_1_17' title="bbox 99 2002 1127 2094; baseline -0.002 -20"><span class='ocrx_word' id='word_1_125' title='bbox 99 2029 175 2088; x_wconf 87' lang='lat' dir='ltr'>tur,</span> <span class='ocrx_word' id='word_1_126' title='bbox 198 2005 250 2072; x_wconf 87' lang='lat' dir='ltr'>led</span> <span class='ocrx_word' id='word_1_127' title='bbox 266 2023 361 2090; x_wconf 87' lang='lat' dir='ltr'>quern</span> <span class='ocrx_word' id='word_1_128' title='bbox 380 2003 444 2088; x_wconf 81' lang='lat' dir='ltr'>ipl&#39;e</span> <span class='ocrx_word' id='word_1_129' title='bbox 461 2002 567 2068; x_wconf 85' lang='lat' dir='ltr'>abiens</span> <span class='ocrx_word' id='word_1_130' title='bbox 580 2005 721 2090; x_wconf 84' lang='lat' dir='ltr'>extingui</span> <span class='ocrx_word' id='word_1_131' title='bbox 734 2005 881 2090; x_wconf 77' lang='lat' dir='ltr'>imperet.</span> <span class='ocrx_word' id='word_1_132' title='bbox 903 2005 933 2073; x_wconf 83' lang='lat' dir='ltr'>lit</span> <span class='ocrx_word' id='word_1_133' title='bbox 951 2024 1027 2074; x_wconf 89' lang='lat' dir='ltr'>vero</span> <span class='ocrx_word' id='word_1_134' title='bbox 1043 2028 1127 2094; x_wconf 86' lang='lat' dir='ltr'>quo.</span> 
     </span>
     <span class='ocr_line' id='line_1_18' title="bbox 95 2083 1125 2177; baseline 0 -17"><span class='ocrx_word' id='word_1_135' title='bbox 95 2097 180 2161; x_wconf 84' lang='lat' dir='ltr'>niarn</span> <span class='ocrx_word' id='word_1_136' title='bbox 202 2091 294 2157; x_wconf 85' lang='lat' dir='ltr'>locut</span> <span class='ocrx_word' id='word_1_137' title='bbox 313 2083 378 2174; x_wconf 86' lang='lat' dir='ltr'>ipse</span> <span class='ocrx_word' id='word_1_138' title='bbox 401 2085 525 2168; x_wconf 87' lang='lat' dir='ltr'>Plauti,</span> <span class='ocrx_word' id='word_1_139' title='bbox 553 2087 607 2153; x_wconf 88' lang='lat' dir='ltr'>ubi</span> <span class='ocrx_word' id='word_1_140' title='bbox 628 2087 726 2154; x_wconf 84' lang='lat' dir='ltr'>hoca</span> <span class='ocrx_word' id='word_1_141' title='bbox 751 2089 833 2171; x_wconf 85' lang='lat' dir='ltr'>itur,</span> <span class='ocrx_word' id='word_1_142' title='bbox 853 2091 1042 2174; x_wconf 76' lang='lat' dir='ltr'>depravatus</span> <span class='ocrx_word' id='word_1_143' title='bbox 1061 2093 1125 2177; x_wconf 87' lang='lat' dir='ltr'>est,</span> 
     </span>
     <span class='ocr_line' id='line_1_19' title="bbox 97 2107 1125 2266; baseline -0.003 -20"><span class='ocrx_word' id='word_1_144' title='bbox 97 2195 204 2260; x_wconf 87' lang='lat' dir='ltr'>neque</span> <span class='ocrx_word' id='word_1_145' title='bbox 228 2175 330 2241; x_wconf 84' lang='lat' dir='ltr'>adltuc</span> <span class='ocrx_word' id='word_1_146' title='bbox 349 2193 367 2238; x_wconf 84' lang='lat' dir='ltr'>t</span> <span class='ocrx_word' id='word_1_147' title='bbox 389 2184 577 2266; x_wconf 78' lang='lat' dir='ltr'>quoquam,</span> <span class='ocrx_word' id='word_1_148' title='bbox 604 2174 689 2254; x_wconf 85' lang='lat' dir='ltr'>quod</span> <span class='ocrx_word' id='word_1_149' title='bbox 716 2107 840 2255; x_wconf 51' lang='lat' dir='ltr'>titan„</span> <span class='ocrx_word' id='word_1_150' title='bbox 868 2173 1125 2259; x_wconf 81' lang='lat' dir='ltr'>animadversus3</span> 
     </span>
     <span class='ocr_line' id='line_1_20' title="bbox 100 2255 1125 2342; baseline 0 -14"><span class='ocrx_word' id='word_1_151' title='bbox 100 2265 220 2330; x_wconf 83' lang='lat' dir='ltr'>dabunt</span> <span class='ocrx_word' id='word_1_152' title='bbox 239 2259 339 2338; x_wconf 84' lang='lat' dir='ltr'>milri,</span> <span class='ocrx_word' id='word_1_153' title='bbox 367 2275 504 2340; x_wconf 80' lang='lat' dir='ltr'>opinor,</span> <span class='ocrx_word' id='word_1_154' title='bbox 535 2255 669 2322; x_wconf 72' lang='lat' dir='ltr'>lectores</span> <span class='ocrx_word' id='word_1_155' title='bbox 691 2257 771 2326; x_wconf 79' lang='lat' dir='ltr'>hanc</span> <span class='ocrx_word' id='word_1_156' title='bbox 789 2259 930 2339; x_wconf 85' lang='lat' dir='ltr'>veniam,</span> <span class='ocrx_word' id='word_1_157' title='bbox 953 2274 1006 2338; x_wconf 89' lang='lat' dir='ltr'>ut,</span> <span class='ocrx_word' id='word_1_158' title='bbox 1029 2263 1125 2342; x_wconf 87' lang='lat' dir='ltr'>pauli-</span> 
     </span>
     <span class='ocr_line' id='line_1_21' title="bbox 95 2341 1125 2432; baseline 0.001 -20"><span class='ocrx_word' id='word_1_159' title='bbox 95 2351 167 2432; x_wconf 84' lang='lat' dir='ltr'>sper</span> <span class='ocrx_word' id='word_1_160' title='bbox 178 2345 352 2429; x_wconf 86' lang='lat' dir='ltr'>digrediens</span> <span class='ocrx_word' id='word_1_161' title='bbox 368 2358 429 2407; x_wconf 84' lang='lat' dir='ltr'>are</span> <span class='ocrx_word' id='word_1_162' title='bbox 440 2341 619 2425; x_wconf 79' lang='lat' dir='ltr'>propofita,</span> <span class='ocrx_word' id='word_1_163' title='bbox 643 2343 762 2408; x_wconf 76' lang='lat' dir='ltr'>auilori</span> <span class='ocrx_word' id='word_1_164' title='bbox 777 2343 901 2427; x_wconf 85' lang='lat' dir='ltr'>optimo</span> <span class='ocrx_word' id='word_1_165' title='bbox 918 2344 989 2426; x_wconf 82' lang='lat' dir='ltr'>opis</span> <span class='ocrx_word' id='word_1_166' title='bbox 1003 2343 1125 2431; x_wconf 80' lang='lat' dir='ltr'>aliquid</span> 
     </span>
     <span class='ocr_line' id='line_1_22' title="bbox 96 2423 990 2510; baseline -0.01 -8"><span class='ocrx_word' id='word_1_167' title='bbox 96 2431 246 2502; x_wconf 77' lang='lat' dir='ltr'>efferant.</span> <span class='ocrx_word' id='word_1_168' title='bbox 267 2430 358 2496; x_wconf 83' lang='lat' dir='ltr'>locus</span> <span class='ocrx_word' id='word_1_169' title='bbox 382 2425 476 2510; x_wconf 86' lang='lat' dir='ltr'>igitur</span> <span class='ocrx_word' id='word_1_170' title='bbox 495 2425 526 2491; x_wconf 89' lang='lat' dir='ltr'>in</span> <span class='ocrx_word' id='word_1_171' title='bbox 547 2423 701 2510; x_wconf 81' lang='lat' dir='ltr'>inpresfls</span> <span class='ocrx_word' id='word_1_172' title='bbox 715 2426 801 2493; x_wconf 84' lang='lat' dir='ltr'>libris</span> <span class='ocrx_word' id='word_1_173' title='bbox 816 2425 860 2494; x_wconf 79' lang='lat' dir='ltr'>fic</span> <span class='ocrx_word' id='word_1_174' title='bbox 876 2425 990 2493; x_wconf 82' lang='lat' dir='ltr'>nabet:</span> 
     </span>
    </p>
   </div>
   <div class='ocr_carea' id='block_1_6' title="bbox 146 2592 987 2774">
    <p class='ocr_par' dir='ltr' id='par_1_6' title="bbox 146 2592 987 2774">
     <span class='ocr_line' id='line_1_23' title="bbox 146 2592 987 2774; baseline -0.008 -106"><span class='ocrx_word' id='word_1_175' title='bbox 146 2603 228 2668; x_wconf 80' lang='lat' dir='ltr'>Care</span> <span class='ocrx_word' id='word_1_176' title='bbox 240 2613 414 2774; x_wconf 52' lang='lat' dir='ltr'>{uenatum</span> <span class='ocrx_word' id='word_1_177' title='bbox 436 2593 569 2662; x_wconf 80' lang='lat' dir='ltr'>alienant</span> <span class='ocrx_word' id='word_1_178' title='bbox 595 2595 628 2659; x_wconf 87' lang='lat' dir='ltr'>in</span> <span class='ocrx_word' id='word_1_179' title='bbox 649 2595 749 2661; x_wconf 85' lang='lat' dir='ltr'>aedeis</span> <span class='ocrx_word' id='word_1_180' title='bbox 770 2592 987 2682; x_wconf 65' lang='lat' dir='ltr'>intromtfferis.</span> 
     </span>
    </p>
   </div>
   <div class='ocr_carea' id='block_1_7' title="bbox 134 2679 1125 3047">
    <p class='ocr_par' dir='ltr' id='par_1_7' title="bbox 134 2679 1125 3047">
     <span class='ocr_line' id='line_1_24' title="bbox 144 2679 1125 2770; baseline -0.002 -18"><span class='ocrx_word' id='word_1_181' title='bbox 144 2685 203 2755; x_wconf 85' lang='lat' dir='ltr'>ST</span> <span class='ocrx_word' id='word_1_182' title='bbox 275 2683 326 2746; x_wconf 83' lang='lat' dir='ltr'>nid</span> <span class='ocrx_word' id='word_1_183' title='bbox 347 2679 561 2765; x_wconf 79' lang='lat' dir='ltr'>st&#39;quisqttorn</span> <span class='ocrx_word' id='word_1_184' title='bbox 583 2682 685 2766; x_wconf 85' lang='lat' dir='ltr'>ignem</span> <span class='ocrx_word' id='word_1_185' title='bbox 712 2679 862 2767; x_wconf 77' lang='lat' dir='ltr'>quaerit?</span> <span class='ocrx_word' id='word_1_186' title='bbox 892 2680 954 2748; x_wconf 82' lang='lat' dir='ltr'>liu.</span> <span class='ocrx_word' id='word_1_187' title='bbox 980 2681 1125 2770; x_wconf 77' lang='lat' dir='ltr'>extingui</span> 
     </span>
     <span class='ocr_line' id='line_1_25' title="bbox 134 2769 1015 2938; baseline -0.003 -19"><span class='ocrx_word' id='word_1_188' title='bbox 134 2769 333 2935; x_wconf 46' lang='lat' dir='ltr'>Niotltotuisae</span> <span class='ocrx_word' id='word_1_189' title='bbox 356 2850 430 2935; x_wconf 84' lang='lat' dir='ltr'>quid</span> <span class='ocrx_word' id='word_1_190' title='bbox 442 2845 508 2931; x_wconf 76' lang='lat' dir='ltr'>fit,</span> <span class='ocrx_word' id='word_1_191' title='bbox 535 2869 591 2938; x_wconf 83' lang='lat' dir='ltr'>qua</span> <span class='ocrx_word' id='word_1_192' title='bbox 613 2861 640 2914; x_wconf 89' lang='lat' dir='ltr'>tt</span> <span class='ocrx_word' id='word_1_193' title='bbox 665 2852 827 2935; x_wconf 84' lang='lat' dir='ltr'>quitquam</span> <span class='ocrx_word' id='word_1_194' title='bbox 849 2807 1015 2934; x_wconf 59' lang='lat' dir='ltr'>quaeritet</span> 
     </span>
     <span class='ocr_line' id='line_1_26' title="bbox 136 2935 968 3047; baseline -0.002 -44"><span class='ocrx_word' id='word_1_195' title='bbox 136 2941 250 3016; x_wconf 83' lang='lat' dir='ltr'>Nom,</span> <span class='ocrx_word' id='word_1_196' title='bbox 266 2935 296 3020; x_wconf 78' lang='lat' dir='ltr'><em>fi</em></span> <span class='ocrx_word' id='word_1_197' title='bbox 319 2939 403 3022; x_wconf 83' lang='lat' dir='ltr'>ignit</span> <span class='ocrx_word' id='word_1_198' title='bbox 424 2939 585 3042; x_wconf 52' lang='lat' dir='ltr'>tri-rento</span> <span class='ocrx_word' id='word_1_199' title='bbox 606 2939 787 3018; x_wconf 81' lang='lat' dir='ltr'>extinguere</span> <span class='ocrx_word' id='word_1_200' title='bbox 807 2937 968 3047; x_wconf 78' lang='lat' dir='ltr'>externplo.</span> 
     </span>
    </p>
   </div>
   <div class='ocr_carea' id='block_1_8' title="bbox 95 3053 1124 3273">
    <p class='ocr_par' dir='ltr' id='par_1_8' title="bbox 95 3053 1124 3273">
     <span class='ocr_line' id='line_1_27' title="bbox 1021 3053 1068 3084; baseline -0.021 1"><span class='ocrx_word' id='word_1_201' title='bbox 1021 3053 1029 3080; x_wconf 66' lang='grc' dir='ltr'>ἱ</span> <span class='ocrx_word' id='word_1_202' title='bbox 1064 3077 1068 3084; x_wconf 49' lang='lat' dir='ltr'>t</span> 
     </span>
     <span class='ocr_line' id='line_1_28' title="bbox 96 3099 1124 3188; baseline -0.002 -11"><span class='ocrx_word' id='word_1_203' title='bbox 96 3126 130 3177; x_wconf 80' lang='lat' dir='ltr'>tt</span> <span class='ocrx_word' id='word_1_204' title='bbox 148 3107 180 3176; x_wconf 92' lang='lat' dir='ltr'>in</span> <span class='ocrx_word' id='word_1_205' title='bbox 197 3105 326 3188; x_wconf 30' lang='lat' dir='ltr'>calerno·</span> <span class='ocrx_word' id='word_1_206' title='bbox 338 3103 457 3170; x_wconf 81' lang='lat' dir='ltr'>notatis</span> <span class='ocrx_word' id='word_1_207' title='bbox 473 3101 552 3168; x_wconf 84' lang='lat' dir='ltr'>baec</span> <span class='ocrx_word' id='word_1_208' title='bbox 570 3102 676 3170; x_wconf 82' lang='lat' dir='ltr'>onnia</span> <span class='ocrx_word' id='word_1_209' title='bbox 692 3099 896 3172; x_wconf 83' lang='lat' dir='ltr'>continenter</span> <span class='ocrx_word' id='word_1_210' title='bbox 909 3103 948 3172; x_wconf 84' lang='lat' dir='ltr'>ab</span> <span class='ocrx_word' id='word_1_211' title='bbox 965 3101 1124 3174; x_wconf 80' lang='lat' dir='ltr'>Euclione</span> 
     </span>
     <span class='ocr_line' id='line_1_29' title="bbox 95 3187 633 3273; baseline -0.022 -9"><span class='ocrx_word' id='word_1_212' title='bbox 95 3197 268 3273; x_wconf 85' lang='lat' dir='ltr'>dicuntur,</span> <span class='ocrx_word' id='word_1_213' title='bbox 289 3189 392 3256; x_wconf 82' lang='lat' dir='ltr'>multo</span> <span class='ocrx_word' id='word_1_214' title='bbox 408 3187 480 3254; x_wconf 84' lang='lat' dir='ltr'>sane</span> <span class='ocrx_word' id='word_1_215' title='bbox 498 3189 633 3256; x_wconf 76' lang='lat' dir='ltr'>reditus:</span> 
     </span>
    </p>
   </div>
   <div class='ocr_carea' id='block_1_9' title="bbox 159 3351 1064 3701">
    <p class='ocr_par' dir='ltr' id='par_1_9' title="bbox 161 3351 991 3446">
     <span class='ocr_line' id='line_1_30' title="bbox 161 3351 991 3446; baseline 0.002 -20"><span class='ocrx_word' id='word_1_216' title='bbox 161 3361 244 3428; x_wconf 78' lang='lat' dir='ltr'>Cane</span> <span class='ocrx_word' id='word_1_217' title='bbox 266 3377 434 3446; x_wconf 82' lang='lat' dir='ltr'>quenquam</span> <span class='ocrx_word' id='word_1_218' title='bbox 452 3357 646 3424; x_wconf 80' lang='lat' dir='ltr'>alienanto</span> <span class='ocrx_word' id='word_1_219' title='bbox 668 3353 752 3422; x_wconf 79' lang='lat' dir='ltr'>neta</span> <span class='ocrx_word' id='word_1_220' title='bbox 775 3351 991 3443; x_wconf 66' lang='lat' dir='ltr'>intrantferit.</span> 
     </span>
    </p>

    <p class='ocr_par' dir='ltr' id='par_1_10' title="bbox 159 3444 1064 3614">
     <span class='ocr_line' id='line_1_31' title="bbox 159 3444 999 3602; baseline -0.002 -90"><span class='ocrx_word' id='word_1_221' title='bbox 159 3444 255 3602; x_wconf 41' lang='lat' dir='ltr'>&amp;aad</span> <span class='ocrx_word' id='word_1_222' title='bbox 274 3446 426 3530; x_wconf 82' lang='lat' dir='ltr'>quispiam</span> <span class='ocrx_word' id='word_1_223' title='bbox 448 3445 550 3528; x_wconf 81' lang='lat' dir='ltr'>ignem</span> <span class='ocrx_word' id='word_1_224' title='bbox 573 3453 723 3528; x_wconf 86' lang='lat' dir='ltr'>quaerat,·</span> <span class='ocrx_word' id='word_1_225' title='bbox 747 3445 999 3526; x_wconf 72' lang='lat' dir='ltr'>extinguiralo,</span> 
     </span>
     <span class='ocr_line' id='line_1_32' title="bbox 200 3525 1064 3614; baseline -0.002 -18"><span class='ocrx_word' id='word_1_226' title='bbox 200 3527 358 3609; x_wconf 72' lang='lat' dir='ltr'>etnutsoe</span> <span class='ocrx_word' id='word_1_227' title='bbox 379 3527 453 3614; x_wconf 86' lang='lat' dir='ltr'>quid</span> <span class='ocrx_word' id='word_1_228' title='bbox 467 3525 533 3606; x_wconf 82' lang='lat' dir='ltr'>fit,</span> <span class='ocrx_word' id='word_1_229' title='bbox 557 3547 611 3592; x_wconf 87' lang='lat' dir='ltr'>cur</span> <span class='ocrx_word' id='word_1_230' title='bbox 634 3539 662 3588; x_wconf 88' lang='lat' dir='ltr'>te</span> <span class='ocrx_word' id='word_1_231' title='bbox 685 3529 847 3608; x_wconf 83' lang='lat' dir='ltr'>quitquam</span> <span class='ocrx_word' id='word_1_232' title='bbox 871 3535 1034 3610; x_wconf 81' lang='lat' dir='ltr'>quaeritet.</span> <span class='ocrx_word' id='word_1_233' title='bbox 1063 3533 1064 3538; x_wconf 76' lang='grc'>’</span> 
     </span>
    </p>

    <p class='ocr_par' dir='ltr' id='par_1_11' title="bbox 159 3612 1011 3701">
     <span class='ocr_line' id='line_1_33' title="bbox 159 3612 1011 3701; baseline -0.009 -16"><span class='ocrx_word' id='word_1_234' title='bbox 159 3617 248 3685; x_wconf 83' lang='lat' dir='ltr'>Nam</span> <span class='ocrx_word' id='word_1_235' title='bbox 260 3661 272 3696; x_wconf 90' lang='lat'>,</span> <span class='ocrx_word' id='word_1_236' title='bbox 288 3612 318 3697; x_wconf 80' lang='lat' dir='ltr'><em>fi</em></span> <span class='ocrx_word' id='word_1_237' title='bbox 339 3617 424 3700; x_wconf 83' lang='lat' dir='ltr'>ignis</span> <span class='ocrx_word' id='word_1_238' title='bbox 446 3613 547 3693; x_wconf 78' lang='lat' dir='ltr'>rivet,</span> <span class='ocrx_word' id='word_1_239' title='bbox 571 3628 605 3678; x_wconf 86' lang='lat' dir='ltr'>tn</span> <span class='ocrx_word' id='word_1_240' title='bbox 630 3612 809 3696; x_wconf 83' lang='lat' dir='ltr'>extinguere</span> <span class='ocrx_word' id='word_1_241' title='bbox 831 3617 1011 3701; x_wconf 81' lang='lat' dir='ltr'>extempulo.</span> 
     </span>
    </p>
   </div>
   <div class='ocr_carea' id='block_1_10' title="bbox 93 3757 1130 4014">
    <p class='ocr_par' dir='ltr' id='par_1_12' title="bbox 93 3757 1130 4014">
     <span class='ocr_line' id='line_1_34' title="bbox 97 3757 1127 3866; baseline -0.003 -14"><span class='ocrx_word' id='word_1_242' title='bbox 97 3783 309 3852; x_wconf 81' lang='lat' dir='ltr'>Occafionem</span> <span class='ocrx_word' id='word_1_243' title='bbox 338 3799 418 3846; x_wconf 88' lang='lat' dir='ltr'>vero</span> <span class='ocrx_word' id='word_1_244' title='bbox 450 3757 694 3865; x_wconf 82' lang='lat' dir='ltr'>praefidentibus</span> <span class='ocrx_word' id='word_1_245' title='bbox 725 3774 905 3846; x_wconf 83' lang='lat' dir='ltr'>hominibus</span> <span class='ocrx_word' id='word_1_246' title='bbox 935 3775 1127 3866; x_wconf 79' lang='lat' dir='ltr'>depravandi</span> 
     </span>
     <span class='ocr_line' id='line_1_35' title="bbox 93 3861 1130 4014; baseline -0.002 -78"><span class='ocrx_word' id='word_1_247' title='bbox 93 3869 164 3936; x_wconf 89' lang='lat' dir='ltr'>loci</span> <span class='ocrx_word' id='word_1_248' title='bbox 187 3869 274 3934; x_wconf 88' lang='lat' dir='ltr'>dedit</span> <span class='ocrx_word' id='word_1_249' title='bbox 300 3867 444 3952; x_wconf 84' lang='lat' dir='ltr'>ignorata</span> <span class='ocrx_word' id='word_1_250' title='bbox 470 3865 518 3946; x_wconf 73' lang='lat' dir='ltr'>ylo</span> <span class='ocrx_word' id='word_1_251' title='bbox 539 3865 731 3948; x_wconf 79' lang='lat' dir='ltr'>particulae,</span> <span class='ocrx_word' id='word_1_252' title='bbox 754 3861 868 4014; x_wconf 46' lang='lat' dir='ltr'>gretip</span> <span class='ocrx_word' id='word_1_253' title='bbox 885 3885 945 3948; x_wconf 86' lang='lat' dir='ltr'>qua</span> <span class='ocrx_word' id='word_1_254' title='bbox 965 3867 1016 3934; x_wconf 85' lang='lat' dir='ltr'>ltic</span> <span class='ocrx_word' id='word_1_255' title='bbox 1035 3863 1130 3934; x_wconf 75' lang='lat' dir='ltr'>senet</span> 
     </span>
    </p>
   </div>
   <div class='ocr_carea' id='block_1_11' title="bbox 92 3947 1133 4104">
    <p class='ocr_par' dir='ltr' id='par_1_13' title="bbox 92 3947 1133 4104">
     <span class='ocr_line' id='line_1_36' title="bbox 92 3947 1131 4101; baseline -0.006 -79"><span class='ocrx_word' id='word_1_256' title='bbox 92 3953 238 4034; x_wconf 83' lang='lat' dir='ltr'>iudicat,</span> <span class='ocrx_word' id='word_1_257' title='bbox 261 3951 282 4020; x_wconf 81' lang='lat' dir='ltr'>st</span> <span class='ocrx_word' id='word_1_258' title='bbox 301 3951 389 4039; x_wconf 87' lang='lat' dir='ltr'>quit,</span> <span class='ocrx_word' id='word_1_259' title='bbox 411 3965 447 4016; x_wconf 90' lang='lat' dir='ltr'>ut</span> <span class='ocrx_word' id='word_1_260' title='bbox 465 3949 548 4016; x_wconf 89' lang='lat' dir='ltr'>inter</span> <span class='ocrx_word' id='word_1_261' title='bbox 564 3947 777 4101; x_wconf 50' lang='lat' dir='ltr'>ulcinnsssrebitk)&gt;</span> <span class='ocrx_word' id='word_1_262' title='bbox 786 3964 836 4032; x_wconf 86' lang='lat' dir='ltr'>et,</span> <span class='ocrx_word' id='word_1_263' title='bbox 858 3969 962 4037; x_wconf 77' lang='lat' dir='ltr'>ignem</span> <span class='ocrx_word' id='word_1_264' title='bbox 981 3967 1131 4101; x_wconf 63' lang='lat' dir='ltr'>quaererso</span> 
     </span>
     <span class='ocr_line' id='line_1_37' title="bbox 1112 4051 1133 4104; baseline 0 0"><span class='ocrx_word' id='word_1_265' title='bbox 1112 4051 1133 4104; x_wconf 82' lang='lat' dir='ltr'>e</span> 
     </span>
    </p>
   </div>
   <div class='ocr_carea' id='block_1_12' title="bbox 0 0 1392 4900">
    <p class='ocr_par' dir='ltr' id='par_1_14' title="bbox 0 0 1392 4900">
     <span class='ocr_line' id='line_1_38' title="bbox 0 0 1392 4900; baseline 0 0"><span class='ocrx_word' id='word_1_266' title='bbox 0 0 1392 4900; x_wconf 95' lang='lat' dir='ltr'> </span> 
     </span>
    </p>
   </div>
  </div>
 </body>
</html>
