2742 4894
221 333 268 390 ru
310 313 662 406 Prorutrruu
700 317 945 388 Scatonra.
1026 331 1088 400 oar

62 484 211 560 patrem.
232 473 259 538 is
286 489 355 540 eam
374 469 499 570 Iphiclo
519 473 678 539 enunciat.
719 470 855 558 Iphiclus
874 475 1034 546 hominem
1054 475 1094 540 ad
1136 485 1147 518 ¹

71 559 110 623 se
124 557 327 636 accersitum,
348 573 419 640 quis
434 556 535 637 esset,
555 575 684 641 quoque
698 557 829 624 confilio
852 561 953 636 borea
965 559 1038 634 subt
1084 601 1096 616 ·

65 655 144 708 tum
173 638 330 721 venisset,
358 643 552 742 interrogat.
583 639 610 706 is
627 643 733 708 omnia
751 641 814 723 illi,
835 657 994 724 nectant,
1015 645 1046 709 iu
1071 644 1095 708 i·

64 741 136 790 cat.
180 723 267 790 Tum
284 725 443 811 Iphiclus,
463 725 508 790 lat
524 725 679 806 domum,
700 725 801 810 inquit
819 773 831 806 ,
859 727 937 794 liber
954 726 1095 794 acsolu·

67 825 124 874 tus
144 808 274 887 reditoss
303 811 334 875 ἀ
354 825 461 876 tecum
492 810 611 889 boves,
640 823 720 906 quaa
742 809 844 893 petis,
871 809 1094 893 abducito,li
1219 875 1224 894 ,

69 894 233 958 rationem
254 891 330 958 mihi
361 891 523 976 aliquam,
552 897 612 977 q'un
639 893 754 959 liberos
772 911 937 978 procreare
952 897 1097 976 valeam,
1164 918 1169 930 ¹

67 975 275 1044 indicaveris.
319 977 498 1060 Melampus
515 995 588 1042 cum
612 976 703 1044 illum
725 979 812 1045 bono
831 980 936 1047 animo
955 978 1095 1062 essejus·
1182 1031 1184 1040 .
1284 1033 1288 1044 .

69 1059 187 1140 sisset,
210 1059 305 1126 caesis
320 1060 380 1126 rite
401 1061 507 1128 bolliis
523 1063 667 1146 regiones
685 1061 844 1147 captandis
861 1063 992 1148 auguriis
1015 1061 1095 1132 divi·

21 1199 33 1218 .
70 1144 135 1212 fit.
157 1143 307 1211 advolant
325 1163 399 1210 aves
422 1145 524 1212 omnis
540 1147 684 1232 generis,
707 1148 1011 1230 praetervultutem.
1033 1147 1095 1214 Va·

74 1245 127 1295 tes
143 1247 184 1294 ex
203 1229 371 1310 omnibus,
393 1248 494 1312 ecqua
508 1229 589 1295 ratio
602 1227 682 1295 esset
700 1231 889 1297 conficiendi
915 1231 1037 1314 Iphiclo
1056 1231 1095 1296 li·

71 1313 193 1392 beros,
212 1310 403 1380 sciscitatur.
425 1313 487 1382 illis
502 1313 638 1380 stollam
657 1330 764 1380 tenere
778 1314 981 1398 negantibus,
1003 1313 1091 1380 venit

27 1443 30 1450 ·
71 1394 238 1482 postremo
259 1397 385 1464 vultur:
408 1417 444 1464 ac
464 1398 596 1480 primum
611 1398 735 1482 profert
753 1398 892 1475 caussas,
915 1417 995 1484 quae
1011 1397 1094 1483 lphi-

72 1481 160 1562 clo,
181 1499 222 1548 ne
240 1497 433 1564 generaret,
457 1482 684 1567 impedimento
710 1499 808 1550 erant.
846 1482 1019 1570 Phylaeum
1041 1498 1095 1569 pa·

72 1583 183 1646 trem,
203 1565 281 1630 olim
300 1565 353 1649 iph
380 1583 480 1652 puero
506 1565 638 1714 ciusdem
662 1567 703 1634 de
720 1565 825 1636 caussa
842 1568 973 1643 iratum,
993 1564 1095 1652 perse·
1209 1635 1218 1658 ·

74 1666 188 1716 cutum
203 1646 271 1716 esse
286 1667 357 1718 eum
374 1649 481 1718 llrislo
495 1670 515 1736 g
527 1652 614 1716 adio.
636 1649 688 1717 sed
710 1671 783 1719 cum
799 1671 871 1718 eum
890 1648 1098 1736 comprehcn-

72 1734 152 1800 dere
173 1731 369 1816 nequiisset,
396 1733 582 1820 gladiumin
609 1753 722 1822 pyrum
746 1736 899 1819 quandam
926 1733 1096 1803 filvestrem

75 1817 260 1902 impegisse.
278 1817 377 1902 ipsum
396 1835 499 1884 autem
513 1819 648 1904 gladium
667 1819 775 1906 postea
789 1818 959 1886 crescentis
975 1817 1096 1890 arboris

75 1902 199 1968 cortice
215 1902 379 1970 obtetium
395 1905 424 1968 ἃ
439 1901 637 1982 inuolutum,
658 1905 745 1970 hmul
769 1905 799 1970 dt
816 1905 959 1973 arborem
976 1902 1092 1990 ipsam,

74 1989 106 2050 dt
123 2003 190 2052 eam
208 2002 347 2070 partem,
368 2006 428 2069 qua
441 1987 551 2052 lateret
568 1987 686 2068 gladius
697 2035 709 2068 ‚
729 1987 892 2054 indicavit:
912 1985 1090 2067 affirmans,
1159 1995 1162 2002 '

73 2070 223 2136 timorem
238 2087 274 2133 ea
293 2087 333 2134 ex
350 2088 386 2134 re
401 2087 610 2154 conceptum,
634 2071 695 2150 jam
718 2085 787 2136 tum
808 2071 930 2154 Iphiclo
951 2069 1094 2140 sterilita-

74 2169 143 2218 tem
164 2149 320 2218 attulisse.
342 2151 403 2216 iret
426 2153 539 2236 igitur,
561 2153 707 2235 &rupto
729 2153 850 2218 cortice
866 2155 1000 2240 gladium
1017 2155 1097 2221 edu.

76 2251 189 2310 ceret,
212 2234 451 2318 robiginemque
463 2235 545 2302 illius
568 2254 586 2300 e
602 2236 678 2301 vino
690 2253 745 2320 per
758 2235 868 2302 decem
884 2238 950 2304 dies
968 2236 1091 2324 Iphiclo

78 2319 246 2407 potandam
266 2319 371 2388 daret.
387 2317 449 2386 hoc
464 2317 603 2388 remedio
617 2320 689 2385 usus
702 2317 842 2404 lphiclus
849 2322 1015 2406 generandi
1034 2339 1091 2405 po-

74 2404 219 2472 testatem
241 2403 451 2489 recuperavit.
491 2399 694 2488 Melampus,
717 2405 857 2488 acceptis
883 2405 1007 2484 bobus,
1036 2405 1094 2470 do.

65 2507 165 2556 mum
185 2487 345 2572 reversus,
366 2485 455 2552 sratri
478 2507 529 2554 eas
549 2487 693 2554 tradidit.
721 2490 775 2572 qui
799 2507 873 2556 cum
894 2508 946 2556 eas
967 2485 1093 2571 Neleo,

75 2573 159 2640 dotis
177 2571 328 2652 neurius,
351 2572 508 2651 dedisset,
523 2571 656 2654 puellam
667 2619 679 2654 ,
692 2590 784 2658 quam
799 2574 939 2654 amabat,
952 2573 1089 2657 accepit.

77 2653 303 2739 surripuisse]
329 2653 481 2739 surripere
494 2656 641 2722 voluisse.
684 2657 782 2744 Qut-m
805 2678 865 2723 nort
880 2655 999 2742 luctu]
1025 2675 1091 2724 nou

79 2741 161 2807 enim
181 2739 258 2806 lucri
277 2737 381 2806 caussa
409 2759 459 2804 eas
475 2740 629 2806 abducere
646 2743 788 2810 volebat.
829 2741 907 2808 Pero
919 2737 1091 2828 formosa]

77 2831 172 2904 aas„
193 2807 332 2914 poni-3,
360 2825 404 2889 ait
425 2823 595 2894 Homerus.
1086 2858 1090 2867 .

204 3021 283 3072 itt
360 3001 803 3074 ELEGJAM
883 3003 963 3074 IV.

117 3157 190 3230 Non
202 3177 257 3244 par
277 3157 443 3246 siedron]
470 3157 565 3224 cheir
582 3159 698 3228 Medea
709 3161 775 3230 est.
797 3183 837 3228 ne
852 3163 946 3248 igitur
956 3163 1005 3232 bis
1016 3181 1088 3234 ean.

78 3249 146 3314 dem
167 3247 367 3314 continenter
386 3245 615 3322 nominaverit,
637 3246 739 3314 malim
763 3247 885 3334 legere,
1183 3254 1189 3265 '
1230 3245 1236 3257 '

158 3371 234 3437 Nm
255 3371 432 3439 Perimedaea
451 3375 598 3456 gramina
620 3374 701 3442 erun
722 3393 833 3442 murrae

78 3511 141 3576 quo
162 3493 303 3560 modo&
331 3495 501 3564 beroaldus
525 3499 553 3562 in
576 3498 758 3578 quibusdam
778 3495 909 3562 uetustis
928 3497 1012 3563 libris
1030 3496 1090 3582 legi
1173 3503 1175 3510 '

79 3579 132 3643 ait.
174 3577 345 3644 Prrlmades
365 3597 469 3648 autem
494 3581 656 3648 veneficae
672 3585 796 3669 insignis
816 3583 956 3648 meminit
977 3582 1088 3650 Theo.

78 3661 174 3728 oritus
191 3661 458 3732 pharmaceutria:

157 3801 296 3913 Orr'gpgprrp¹
316 3837 386 3892 ταῦθ’
406 3829 501 3911 ipsum
520 3837 626 3913 mulam
647 3834 715 3910 ptn'rt
737 3865 756 3896 π
778 3841 895 3917 Kr'grng,

155 3913 231 3986 Mr'rt
255 3941 274 3975 π
296 3915 425 3994 mairie,
445 3917 510 3996 ptr'rr
530 3929 624 4002 ξιιὴἱς
644 3919 799 4000 Πεμμέὰς.

1034 3993 1097 4066 etz
