2782 4916
276 365 342 430 682
491 355 543 422 M.
633 351 1104 424 A.·Munrrr

283 517 386 586 eraclo
403 515 528 593 verbo,
549 511 656 592 tices,
679 509 788 582 nortia
805 513 948 600 partibus
962 510 1175 580 venustiorem
1193 515 1308 584 oratio

285 623 359 674 rtem
373 601 461 670 fieri:
481 612 613 682 recepto
631 611 761 679 autern,
782 599 907 681 versum
925 595 1069 665 constare
1081 615 1148 665 non
1162 599 1268 684 porse.

282 718 288 727 ·
322 691 357 756 Si
382 684 455 770 qnid
478 682 593 748 loboris
615 679 680 834 ἷβ,
708 683 839 751 nollent.
860 681 918 768 std
935 674 1011 780 ‘'st“
1030 683 1110 832 {¹:⁸¹²
1124 685 1204 750 meli
1219 683 1305 771 afli]

278 775 397 856 Neque
416 763 539 834 constat
557 783 613 833 ver
628 785 687 864 pp,
707 783 811 853 noqtoe
823 766 976 836 sententta
994 785 1037 834 rnr
1063 767 1070 782 ‘
1089 767 1223 852 quidem
1237 768 1305 836 satis

279 873 386 943 aperta
405 850 469 920 est.
499 867 573 916 curn
595 851 697 931 alrud,
719 850 783 918 lroe
805 852 932 938 quidem
948 865 1117 937 toopore,
1137 852 1220 920 nihii
1233 871 1303 938 pos-

277 945 362 1020 sem,
381 936 469 1024 quod
488 935 519 1002 in
541 935 702 1002 veteribus
722 935 808 1003 llbrIs
826 952 912 1016 etat,
934 953 1009 1003 nnn
1026 935 1091 1003 lide
1105 954 1302 1023 proponere,

276 1021 597 1110 festinantiam
625 1023 679 1106 qui
705 1035 820 1108 putent
844 1021 1035 1110 legendum,
1063 1021 1101 1086 Se·
1126 1027 1181 1088 rui
1203 1025 1301 1090 lebeti

277 1110 342 1196 cp,
363 1109 490 1174 nollent.
512 1103 575 1202 hoe
592 1105 702 1172 sensu:
732 1107 764 1174 Si
781 1125 875 1192 quern
892 1106 950 1173 tibi
965 1105 1126 1188 laborent,
1147 1124 1190 1174 ac
1205 1107 1302 1174 mole·

275 1199 363 1267 stiam
381 1189 475 1259 affert
503 1188 593 1270 huJus
613 1190 657 1256 rei
678 1191 867 1272 explicatio,
899 1210 938 1258 ac
957 1187 1153 1274 patefactio,
1184 1192 1299 1260 nollem

275 1279 423 1370 equidem
441 1291 552 1362 urgere
574 1279 627 1354 teg
647 1293 685 1341 ac
706 1275 764 1342 tibi
784 1275 936 1344 molellus
952 1273 1030 1340 ease.

318 1369 431 1434 Aetate
444 1377 488 1426 nte
503 1362 627 1445 putavit
638 1403 650 1441 ,
672 1358 709 1433 tt
720 1358 927 1449 sepientia,]
952 1361 987 1428 ln
1006 1358 1094 1426 aliie:

410 1577 454 1646 lit
478 1587 578 1644 aetate
593 1540 719 1661 petierit
740 1595 807 1658 me,
830 1573 867 1651 δ’
888 1571 1108 1640 benevolentia.

276 1814 357 1884 quae
378 1790 475 1856 letlio
497 1799 602 1868 neque
621 1783 811 1852 inconcinna
835 1783 898 1862 eli,
929 1785 961 1851 δι
977 1798 1122 1851 veterum
1142 1784 1291 1854 librorum

278 1879 460 1950 testimonio
482 1871 668 1952 adiuvatur:
692 1870 863 1952 inanibus
888 1885 994 1934 tamen
1014 1883 1166 1952 perpetuo
1185 1867 1296 1937 scribi-
1320 1949 1323 1952 ,

186 2024 193 2035 ,
276 1983 346 2046 tur,
367 1956 587 2028 benivolentia.
611 1971 673 2039 ego
685 1953 771 2022 Petri
783 1954 893 2023 Bernbi
905 1951 1117 2020 austeritatem
1124 1997 1137 2032 ,
1151 1971 1191 2019 ac
1203 1954 1293 2022 testi·

277 2047 417 2118 monium
436 2041 524 2126 sequi
537 2039 646 2106 malui.

323 2132 448 2202 Villam
466 2135 640 2192 exercerent
657 2119 770 2210 sum
794 2119 967 2210 Dionyllut
991 2119 1169 2201 lambiunt,
1187 2118 1290 2188 homo

273 2209 547 2288 commemorabili
553 2207 713 2290 dochino,
722 2208 1020 2294 pariqueprobitate
1026 2205 1199 2296 praealtus,
1213 2223 1293 2273 een·

277 2307 326 2376 set
346 2303 413 2370 hoc
430 2299 509 2367 loco
524 2293 709 2381 legendum,
728 2293 840 2362 vinum
854 2297 1030 2359 exercitent
1043 2292 1143 2378 sunm.
1183 2290 1291 2360 Senio

278 2391 362 2460 libro
386 2383 471 2455 Petri
491 2380 627 2459 Bembi,
649 2395 713 2446 non
727 2392 867 2459 tanturn,
888 2377 969 2444 utin
986 2375 1072 2458 aliie,
1095 2391 1289 2452 exnterem,

273 2475 390 2562 legitur
405 2517 425 2554 „
455 2483 565 2534 verum
595 2464 690 2530 etiam
716 2463 868 2547 adscripta
892 2457 997 2528 estad
1026 2461 1108 2529 latua
1127 2459 1295 2546 explicatio

278 2557 429 2648 quaedam
450 2550 540 2633 hujus
557 2547 669 2627 vocis,
691 2565 771 2631 quae
788 2545 958 2632 scripturae
979 2545 1064 2614 ilius
1080 2547 1289 2632 integritatem

148 2687 151 2696 ‚
278 2643 464 2715 confirmet.
484 2633 620 2702 multum
646 2649 751 2698 autem
778 2634 843 2716 ejus
862 2631 931 2697 libri
950 2631 1056 2698 valere
1074 2631 1174 2698 debet
1191 2631 1293 2698 rullo·

278 2735 372 2798 ritas.
394 2721 439 2789 cst
455 2717 537 2786 enirn
558 2718 602 2782 ita
619 2717 783 2800 antiquus,
806 2732 842 2782 nt
868 2713 1005 2800 Angelus
1022 2717 1222 2798 Politianut,
1243 2711 1291 2801 qui

203 2885 207 2894 ,
277 2815 398 2882 multos
425 2819 550 2870 veteres
568 2799 667 2867 libros
689 2800 830 2881 viderat,
854 2800 982 2866 testatus
999 2799 1057 2879 fit,
1079 2805 1224 2870 omnium
1244 2819 1293 2867 cu·

276 2903 386 2979 iusque
399 2887 520 2974 generis
536 2884 705 2964 librorum,
726 2903 807 2973 quos
824 2884 888 2970 ipse
906 2901 1040 2968 unquam
1054 2883 1209 2967 vidisse-n·
1226 2903 1291 2951 enm

274 2973 333 3052 'tibi
347 2971 593 3058 antiquissimum
611 2969 729 3035 videri.
751 2971 837 3055 quod
856 2989 917 3056 ego
934 2970 1027 3055 iplius
1043 2969 1192 3038 Politiani
1207 2987 1292 3038 manu

276 3068 333 3142 scri
348 3071 426 3127 'turn
440 3057 543 3140 legere
561 3053 699 3120 memini.
1133 3063 1136 3070 ·
1161 3074 1167 3086 ·

354 3164 421 3210 uam
441 3136 630 3226 impulsent
647 3137 775 3228 patres]
798 3139 918 3220 Miror,
941 3138 1016 3224 quill
1038 3137 1095 3208 libi
1120 3139 1294 3219 voluerint,

281 3235 333 3322 qui
348 3231 435 3296 actus
447 3224 633 3312 principium
649 3219 712 3290 hoc
726 3223 804 3290 loco
815 3221 978 3290 fecerunt.
996 3243 1068 3291 cum
1081 3225 1183 3305 enirn,
1205 3225 1296 3292 Clrre·

279 3333 364 3386 mete
384 3311 452 3382 solo
468 3305 605 3396 ingresso
618 3309 767 3390 domum,
789 3307 932 3392 Clitipho
949 3309 985 3393 in!
996 3307 1163 3394 proscenio
1179 3325 1297 3376 ternan-

277 3404 370 3480 serit,
388 3415 484 3466 nemo
506 3391 654 3482 profecto
679 3412 742 3460 non
762 3391 869 3470 videt,
891 3411 999 3460 eorum
1022 3393 1214 3474 dumtaxat,
1234 3391 1298 3478 qui·

278 3491 336 3556 bus
355 3481 478 3552 comica
500 3479 581 3547 ratio
605 3495 669 3544 non
691 3477 815 3560 penitus
837 3479 944 3563 ignota
961 3475 1021 3558 est,
1042 3497 1106 3546 non
1125 3477 1227 3545 modo
1243 3493 1297 3546 no·
1370 3485 1373 3498 ’

186 3577 190 3588 “
280 3591 354 3640 vurn
378 3567 501 3648 allum,
533 3559 586 3631 sed
607 3581 647 3630 ne
672 3581 788 3631 novant
838 3561 940 3630 uidem
966 3563 1012 3650 (fi
1035 3565 1081 3634 ita
1101 3563 1293 3648 loquendum

278 3657 347 3745 cll)
368 3653 491 3720 scenam
505 3649 569 3715 hoc
583 3649 659 3716 loco
674 3646 741 3714 esse
754 3579 857 3732 pospe.
877 3687 881 3697 ,

323 3735 469 3826 Astures,
489 3752 547 3800 eet
560 3733 615 3800 ille
632 3728 804 3818 inrapiat,
827 3751 916 3817 quant
931 3732 1010 3800 milti
1027 3749 1106 3800 nnnc
1117 3727 1217 3816 sorde
1228 3749 1295 3798 nat·

280 3841 327 3896 ret
344 3819 510 3909 [niolam]
543 3819 772 3894 Contemptum
792 3816 875 3884 hunc
896 3831 1094 3904 paternarum
1112 3815 1299 3884 admonitio·

281 3933 356 3985 num
368 3907 503 3978 mirifice
518 3901 887 3984 expraelitThcncritun
910 3901 992 3990 apud
1009 3921 1104 4002 quem
1114 3901 1223 3989 pastor
1235 3901 1297 3989 qui·

279 4001 380 4084 darn„
391 4011 486 4075 eun,
507 3987 687 4059 aestarent
704 3985 736 4056 se
749 4003 812 4058 nou
825 3991 943 4070 metui,
966 3990 1102 4058 terrene
1118 3987 1240 4069 vellet,
1257 3987 1299 4082 ait

592 4093 596 4100 ’
625 4095 631 4114 ·
707 4105 711 4114 ·
1223 4083 1298 4142 tanti
