2810 4924
244 301 509 424 gno-M·
588 308 1101 398 tshrnnrrr«

247 509 310 559 tur.
357 485 590 574 Hippodamus,
611 481 733 568 iuquit,
753 460 932 569 'siciliensis
947 459 1091 566 Miltfius
1100 483 1180 568 fuit.
1213 487 1276 558 ro·

123 620 125 626 ·
247 590 338 642 rtur:
362 572 484 638 Srohuri
508 587 578 634 verr
597 565 822 653 utftrijiimurr
844 561 1082 650 irremotus
1093 613 1107 648 ,
1134 576 1212 658 quod
1225 571 1279 642 di-

238 653 376 748 stiph'no
401 657 512 736 iilius,
543 651 579 726 δ’
593 648 694 736 sermo
714 659 806 728 etiam
828 653 983 735 Doricus,
1004 653 1062 740 quit
1080 661 1199 736 uritur,
1224 659 1278 725 de·

247 745 367 810 tlurot.
406 741 485 806 ulter
511 733 723 820 Hippodamus
745 737 846 802 ionico
873 738 941 824 usus
964 737 1090 822 suisset.
1134 741 1272 808 uisitetur

246 835 327 896 enirn
354 823 458 892 ioniot'
488 822 598 902 cinitot
619 819 701 900 suit.
751 819 846 908 Nego
891 819 1036 905 uidquam
1063 821 1272 894 metatione

112 949 115 956 .
245 909 406 986 concludi.
447 905 529 973 Nam
553 919 656 988 neque
677 925 787 972 omnes
808 842 1020 992 quicitasicom
1041 903 1272 994 philosophiam

243 1000 396 1072 uoluere,
423 988 550 1057 suerunt
574 1007 690 1072 genere
710 1007 805 1074 atque
825 991 945 1076 origine
967 989 1087 1058 italici:
1113 1012 1186 1061 cum
1210 997 1275 1082 Py·

245 1071 482 1166 thagoras,ejus
495 1071 675 1156 disciplinae
690 1075 944 1158 erumpamus
956 1071 1068 1146 fucrit:
1080 1071 1185 1160 neq'ue
1200 1099 1271 1146 om-

138 1225 142 1232 .
244 1185 300 1235 nes
321 1164 445 1229 Dorico
463 1157 606 1226 sermone
625 1157 780 1242 scripsere.
822 1159 1036 1244 Empedocles
1057 1163 1271 1230 certolonice

146 3478 153 3488 -
252 3434 392 3514 eruissent.
467 3433 734 3510 oclocourduarn
749 3437 1036 3506 mihidtlubricam
1054 3437 1093 3506 de

244 1247 385 1334 scripfit3
407 1245 461 1330 qui
483 1236 586 1314 taneh
607 1243 820 1330 Pythagoreus
841 1241 916 1311 fuit.
954 1243 999 1310 At
1024 1245 1126 1323 oster,
1149 1248 1272 1333 inquit,

248 1335 462 1418 Hippodamus
493 1328 595 1393 sonitu
620 1323 688 1411 usus
714 1319 839 1410 suisset.
889 1325 1022 1394 Miletus
1058 1334 1136 1396 enirn
1162 1332 1269 1398 iunior

246 1423 359 1500 ciuitas
372 1413 452 1512 surr.
488 1408 590 1508 'Quasi'
612 1429 691 1476 vero
705 1408 834 1508 necesse
852 1411 904 1486 stt,
929 1431 1184 1565 unumquemqkte
1201 1416 1268 1498 eim

266 1497 347 1569 eutis
363 1500 466 1583 hngua
487 1491 698 1584 inscribendo
716 1497 781 1577 uti,
804 1515 834 1562 tn
851 1514 912 1582 qua
926 1495 993 1581 ipse
1004 1515 1128 1564 nature
1157 1548 1163 1564 .
1189 1499 1265 1566 Fru-

243 1525 308 1656 ἦγέ
331 1579 502 1650 certassent
524 1577 642 1664 septem
658 1579 750 1646 urbes
765 1577 913 1666 dessstirpe
927 1581 1052 1666 insignis
1068 1583 1221 1662 Homeri,
1247 1584 1274 1652 st

71 1703 74 1714 ·
247 1671 312 1738 ulla
330 1669 360 1734 ih
376 1667 438 1732 hoc
453 1677 637 1748 argumento
650 1663 782 1740 firmitas
798 1661 891 1730 essct.
934 1663 1051 1750 Neque
1064 1683 1123 1752 ego
1136 1682 1215 1752 puto
1231 1687 1268 1734 ca

116 1757 120 1766 '
246 1757 290 1823 lin
314 1772 357 1829 ua
375 1749 513 1818 usotSca
536 1747 641 1827 iritat,
685 1746 920 1816 uaAristot'eles
938 1747 994 1816 scri
1019 1749 1075 1816 fit:
1098 1769 1174 1832 aut,
1196 1754 1273 1838 quia

241 1847 279 1907 'u
304 1836 410 1908 rainu
425 1832 480 1898 scri
504 1767 809 1917 rstThoosshrastus,
840 1835 913 1900 ideo
933 1833 977 1899 ita
996 1769 1018 1900 f

144 1996 147 2005 ¹
245 1917 376 1993 Petrum
398 1851 568 2011 Berisum·
584 1917 706 2001 optime
730 1909 865 1986 Etrustc
886 1915 944 1986 scri
969 1915 1037 1985 stsse
1052 1917 1094 1984 ait
1114 1921 1218 2006 bouus
1237 1921 1270 1990 in

135 2019 139 2034 '
247 2006 354 2092 primis
371 2002 436 2084 ejus
453 2001 496 2066 rei
517 2000 731 2082 existimator,
746 2002 880 2086 Joannet
896 1937 989 2070 Cafo.
1008 2017 1038 2068 at
1051 2001 1187 2106 hembus
1207 2005 1276 2070 h‘c·

247 2104 341 2160 nctus
360 2085 434 2153 fuit.
478 2084 563 2178 Quid
582 2102 686 2153 autem
704 2101 811 2167 vetat,
833 2085 1082 2172 Hippodamum,
1103 2105 1175 2152 cum
1197 2085 1272 2155 Mi·

247 2163 306 2242 seti
324 2172 451 2258 quidem
468 2179 559 2236 natus
577 2167 680 2251 esset,
701 2171 754 2236 seu
771 2171 824 2238 diu
843 2170 983 2238 versatus
998 2172 1029 2238 in
1044 2183 1151 2256 magna
1167 2171 1275 2238 Grae·

246 2260 318 2339 cia,
337 2259 369 2324 in
394 2274 454 2342 qua
469 2252 669 2352 philusophia
681 2254 732 2321 illa
743 2251 899 2335 florebat,
922 2257 987 2338 ejus
1008 2257 1109 2341 gentis
1124 2255 1273 2324 sermone

248 2337 426 2427 scripisse,
454 2355 518 2406 non
544 2357 575 2405 m
623 2360 661 2408 ua
678 2357 769 2408 natus
791 2340 889 2418 esset,
914 2337 968 2408 sed
989 2339 1020 2407 in
1064 2359 1102 2408 ua
1118 2341 1266 2422 viveret,

249 2426 348 2498 &cui
365 2423 499 2493 fortasse
537 2359 708 2492 ocissimum
728 2422 904 2492 scriberet?
923 2359 1086 2492 Dorionis
1106 2423 1170 2490 fuit
1186 2423 1268 2509 Hip·

293 2525 415 2590 crates,
434 2507 478 2574 ait
531 2507 666 2576 elianus:
687 2507 789 2578 sedin
809 2509 988 2578 Democriti
1008 2505 1136 2594 gratiam
1158 2507 1269 2576 ionice

260 2597 377 2748 erigus.
417 2591 482 2742 Qffti
501 2594 595 2677 magis
618 2594 742 2662 licuerit
763 2593 905 2661 Doriensr
924 2593 1049 2675 ionice,
1070 2611 1162 2680 quam
1184 2589 1271 2660 soni.

218 2723 222 2736 κ
250 2698 293 2750 co
364 2677 428 2745 rice
457 2675 605 2742 cribere‘?
627 2675 700 2745 Hoc
715 2677 822 2744 saitem
843 2679 1155 2745 admoneredobuiti
1180 2675 1271 2760 sum,

249 2757 319 2834 itot'i
337 2765 439 2830 minus
460 2759 523 2826 aen·
540 2759 677 2842 iudicio,
705 2781 796 2846 quam
815 2779 912 2828 acuto
932 2763 1058 2847 ingenio
1074 2697 1272 2848 praeriisum,

248 2863 284 2938 ut
299 2862 363 2916 non
384 2843 486 2912 statim
525 2858 668 2928 ropterea
682 2846 762 2912 duos
777 2845 996 2932 Hippodamus
1012 2848 1078 2934 esse
1093 2847 1267 2914 conclude·

247 2945 308 3002 rot.
349 2927 464 2995 Addit:
520 2941 610 2992 uunto
628 2941 727 2996 autern
743 2931 837 3014 pluro
851 2930 946 3018 sunt,
968 2951 1044 3018 quot
1062 2931 1180 3020 judicio
1199 2933 1272 2998 Stc·

250 3020 337 3098 huri,
366 3017 400 3078 in
409 3011 539 3098 scriptis
563 3007 654 3095 ipsus
674 3013 862 3100 Hippodamo·
880 3015 1052 3101 discrepant
1071 3037 1092 3082 u
1104 3013 1274 3101 sententiis

250 3097 452 3183 Aristotelis,
475 3109 558 3162 tanto
573 3095 705 3176 suciit'us
729 3099 903 3182 intelligere
918 3111 1058 3186 praerat,
1085 3103 1097 3166 i
1111 3098 1165 3186 sos
1179 3101 1273 3186 longe

254 3183 329 3262 usim
353 3179 549 3268 esst..ntque
566 3185 644 3248 eninr
666 3181 896 3268 existimandum
911 3181 973 3270 tsi,
996 3115 1270 3272 phthssphnn'un

247 3263 448 3360 perfricuitst
455 3262 610 3351 frontem,
630 3279 663 3331 ut
679 3282 740 3334 tunt
756 3281 860 3354 operte
872 3273 1070 3336 nrtntitttur:
1088 3267 1275 3354 praesertim

251 3361 284 3421 ir
304 3353 451 3434 tempore'
479 3368 543 3414 cunt
572 3359 669 3414 onrn'er
690 3354 773 3420 nuiio
798 3357 917 3440 negorio
936 3351 990 3418 hoc
1010 3355 1195 3506 τεάανὲαείξι
1215 3367 1275 3438 po·

1110 3455 1275 3508 cutonem

250 3522 317 3592 e'sse
337 3517 453 3588 fateor.
486 3537 556 3585 nam
570 3517 684 3603 'neque
706 3523 746 3589 do
770 3521 959 3604 Aristotele,
980 3541 1073 3607 quem
1096 3524 1204 3608 quanti
1223 3521 1274 3589 fa·

250 3608 350 3686 ciam,
372 3618 506 3686 norunt,
528 3603 719 3688 quicumque
736 3623 787 3674 me
804 3621 938 3688 norunt,
960 3607 1130 3694 quidquam
1147 3599 1277 3691 sequius

250 3693 338 3778 soqui
365 3687 481 3754 velim:
508 3687 538 3752 dr
568 3704 671 3756 tanuen
698 3710 747 3758 ret
767 3689 830 3778 ipsa
852 3690 967 3776 subigit
992 3707 1066 3771 me,
1094 3707 1130 3757 ut
1148 3691 1277 3772 dicam,

251 3788 323 3846 eum
343 3789 566 3856 nonuunquam
580 3775 905 3860 reprehendendorum
921 3789 1062 3844 veterum
1073 3775 1278 3862 pauloquam

251 3874 421 3948 parerat,
449 3857 641 3940 cupidiorem
664 3857 771 3928 fuisse.
810 3859 902 3930 Plato
926 3862 1064 3929 civitatis
1085 3859 1215 3926 salutern
1240 3861 1279 3930 in

252 3944 434 4040 eopohtam
449 3939 516 4012 'erse
529 3945 669 4030 dixerat,
682 3944 811 4034 uquam
824 3947 960 4020 maxim
976 3965 1036 4020 una
1049 3943 1140 4016 esset.
1166 3946 1296 4102 Qutuiu}¹

1008 1849 1122 1901 ocutos
1136 1835 1276 1904 Erehos.
1388 1831 1399 1860 ⁸
