2802 4920
164 335 309 455 ’ΝΜ
431 327 499 430 Μ.
562 352 628 468 ΙΑ.
706 313 812 461 Mb
852 359 875 417 ἰ
915 359 937 422 t
975 359 1055 422 nl

216 517 311 589 rest.
324 515 435 602 partim
454 515 560 593 enirn,
579 525 651 577 cntn
666 505 787 575 oblatas
799 507 855 576 fini
864 509 1009 593 nequiter
1025 509 1137 595 agendi
1149 499 1269 592 occalla

249 621 329 670 ones
350 600 483 678 vident,
516 595 696 680 relinquunt
716 611 790 674 eas,
805 591 876 660 'vel
891 595 1061 678 gaudentes
1081 595 1144 662 boc
1173 595 1262 682 ipso.

252 688 305 754 vel
324 701 412 750 certe
431 683 494 762 stne
520 679 582 748 ulla
604 671 765 744 nrolellia.
788 691 885 762 atque
911 677 987 744 ilex
1005 677 1114 745 habitu
1133 681 1167 747 id
1184 681 1265 748 faci·

165 809 168 820 ·
249 787 326 838 unt.
353 768 404 834 ulii
419 765 538 834 'rationi
559 763 686 850 quidem
705 761 942 847 obtemporant:
963 761 1018 828 sed
1038 777 1144 830 tanen
1161 783 1265 832 retor-

249 868 368 953 quent,
394 846 717 930 utdititor,1oculoe
733 845 772 912 ad
789 863 845 925 ea,
872 863 954 932 quae
973 847 1148 926 omittant,
1170 849 1269 928 dere-

245 937 393 1020 linquunt
407 953 464 1015 ea,
488 951 523 1000 ut
540 929 700 998 Homerus
713 925 874 1014 loquitur,
894 927 1036 1006 dns-'pem'
1050 959 1111 1014 q.
1124 931 1267 1000 hosArl.

248 1021 378 1088 stotelee
395 1026 550 1099 trema„
572 1013 676 1082 latini
696 1017 880 1078 continentes
899 1017 1029 1080 vocant.
1051 1013 1171 1084 Eorum
1183 1017 1265 1100 qun·

248 1123 333 1190 que,
353 1120 434 1188 quos
450 1097 580 1166 alledlua
598 1097 776 1193 quidamin
798 1095 908 1164 officio
927 1098 1095 1180 continet,
1113 1101 1145 1166 bi
1189 1102 1266 1168 rtita

177 1235 180 1240 -
243 1189 363 1256 itident-
381 1183 493 1252 divisio
520 1181 581 1250 est.
609 1183 660 1248 alii
687 1199 770 1247 enun
791 1179 912 1264 pudore
939 1199 977 1250 ac
995 1195 1135 1252 verecun
1157 1187 1184 1252 ia
1203 1183 1262 1252 fibi

246 1275 465 1340 moderantur:
487 1282 523 1334 ut
544 1265 688 1354 ingenui,
707 1284 745 1330 ac
764 1264 932 1332 liberaliter
946 1265 1263 1337 educatiadolelcen-

248 1374 319 1424 tes:
350 1355 404 1439 qul
420 1369 491 1418 conr
504 1349 603 1435 ‚saepe
619 1357 780 1417 tententur
794 1347 1074 1420 vehementissimis
1091 1353 1270 1439 cupiditati·

246 1435 572 1521 bus,lneitanribus·‚
594 1451 688 1522 atque
706 1431 1149 1532 exstimulantibuaipsdeedc
1176 1449 1178 1454 '
1244 1475 1260 1490 ·

251 1527 306 1594 dae
325 1524 427 1590 omnia
444 1521 566 1606 generis
580 1519 781 1613 voluptates,
803 1534 868 1586 non
883 1517 927 1584 llll
947 1519 1071 1604 quodem
1081 1563 1095 1602 ,-
1110 1457 1264 1622 qum-

246 1603 312 1678 huc
332 1621 545 1694 temperanter
555 1601 636 1686 srnt3
657 1601 678 1668 li
740 1599 821 1668 idern
834 1619 937 1688 noque
948 1601 1159 1688 prudentia-tn
1174 1609 1265 1690 juve·

174 1739 189 1764 t
249 1693 347 1762 nilem
369 1705 503 1756 aetatem
523 1687 626 1754 cedit:
647 1685 695 1754 dt·
727 1703 767 1750 ne
785 1685 965 1770 prudentia,
985 1705 1112 1766 earum,
1133 1697 1264 1776 quaein

245 1775 367 1860 agendo
389 1769 755 1853 cernuntur,·vlrtutum
773 1761 859 1836 nulla
879 1768 1045 1918 consistitl)
1066 1773 1206 1847 sedtum
1223 1775 1263 1844 li.

247 1864 281 1930 bl
316 1873 473 1943 inponant
489 1873 555 1922 earn
573 1853 815 1940 turpitudinem,
835 1863 967 1940 eamque
981 1855 1009 1920 in
1028 1859 1158 1939 arulam,
1180 1877 1265 1944 quae

248 1965 269 2012 e
286 1879 513 2020 d'issolnione,
541 1957 579 2004 ac
604 1937 743 2024 nequitia
760 1935 884 2020 existit,
903 1941 935 2007 to
947 1939 1123 2005 renituntur
1135 1943 1265 2026 c'upidi-

241 2030 302 2096 tati
318 2025 408 2107 suae,
429 2023 510 2107 &‚s1
528 2023 654 2110 quando
669 2022 854 2100 uincantur,
875 2021 1048 2107 deprehenll
1059 2024 1267 2095 erubescunt.

242 2114 322 2181 iden
344 2111 463 2178 dotum
487 2106 533 2174 est
555 2127 573 2174 a
593 2107 772 2186 veteribus,
802 2108 1008 2173 uerecundiam
1028 2103 1084 2192 esse
1108 2112 1255 2192 optinent

244 2193 392 2282 custodem
416 2191 651 2277 adolescentiae.
669 2189 720 2258 afii
733 2205 865 2274 contra,
883 2188 999 2257 servilil
1015 2189 1154 2260 homines
1168 2197 1201 2260 in
1224 2209 1263 2260 e·

240 2282 322 2358 nio,
344 2293 432 2348 metu
451 2293 575 2344 tantuna
590 2275 665 2344 mali
680 2273 833 2342 abstinent
851 2294 868 2340 a
883 2274 1136 2344 malefaciendo:
1147 2293 1185 2346 ut
1198 2212 1264 2344 fer·-

245 2367 281 2434 vi
295 2366 326 2436 in
344 2355 537 2444 comoediis,
567 2376 603 2426 ut
625 2359 647 2426 ii
664 2359 717 2444 qui
733 2378 775 2426 eo
788 2370 908 2428 tantuna
922 2378 986 2430 non
995 2372 1157 2512 me’
1174 2361 1267 2447 quod

1011 2465 1051 2514 un

246 2449 380 2518 horrent
405 2447 591 2514 acerbitates
619 2443 863 2528 suppliciorum,
892 2461 973 2530 quae
1054 2461 1068 2514 t
1094 2445 1215 2533 legibus
1228 2447 1264 2514 in

134 2567 137 2574 v
241 2529 438 2602 facinorosos
465 2529 605 2596 homines
628 2526 817 2594 constituta.
850 2523 907 2594 sub
932 2529 1020 2614 quod
1046 2549 1145 2616 genus
1166 2529 1268 2600 inclu·

246 2617 340 2686 dendi
356 2615 425 2682 sunt
443 2617 536 2680 etiarn
551 2613 593 2694 ii,
614 2613 827 2698 quitantunr,
848 2630 888 2678 ne
904 2613 938 2680 in
954 2615 1084 2684 morbos
1102 2615 1263 2698 incidant,

244 2699 398 2778 scortari,
419 2695 592 2766 helluarive
608 2710 752 2779 parcunt.
792 2693 897 2764 Curni
920 2696 1000 2780 itur,
1023 2715 1089 2767 uta
1105 2701 1262 2786 principio

242 2801 391 2874 repetent
404 2827 420 2863 ,
443 2777 617 2849 summatim
642 2779 771 2856 dicam,
806 2781 866 2846 tria
890 2715 949 2848 ἔω
967 2782 1000 2850 in
1026 2785 1154 2866 anirnn,
1181 2799 1267 2870 quae

244 2885 380 2958 meere
392 2865 603 2950 prohibeant,
619 2863 739 2947 pudor,
760 2879 883 2946 metus,
902 2865 1047 2936 &ratior
1067 2869 1187 2936 nullutn
1204 2868 1267 2935 bo·-

244 2973 316 3022 rutn
331 2952 425 3017 trium
449 2947 565 3018 Cicero
584 2949 748 3033 quicquan
769 2965 904 3034 unquam
921 2948 952 3016 in
972 2949 1109 3033 Catilina
1126 2951 1265 3020 valuisse

244 3039 309 3106 ait.
326 3035 485 3119 eleganter
500 3047 604 3098 autern
620 3047 654 3099 tu
693 3031 842 3102 itudnem
858 3033 989 3120 pudori,
1007 3035 1181 3120 perieulum
1197 3055 1271 3104 me-

244 3123 313 3203 tui,
340 3118 481 3186 furorem
499 3115 636 3214 rationi,
687 3115 780 3200 ngula
804 3114 928 3204 fingulia
945 3117 1117 3206 oppolltita
1135 3117 1205 3206 post
1221 3122 1267 3190 ad

146 3263 153 3270 .
213 3221 220 3248 ⁰
242 3223 348 3273 unum·
358 3202 490 3270 verbum
505 3215 610 3266 urnula
626 3202 810 3272 revocavit..

291 3289 341 3355 Ac
353 3285 384 3368 fi
395 3286 472 3352 nili
489 3281 635 3370 inimico]
652 3283 728 3352 Hoc
743 3303 872 3370 quoque
887 3285 1036 3358 orationb
1049 3293 1147 3368 αἴῃ
1159 3289 1267 3371 daip-

252 3371 336 3452 mni·
354 3381 409 3438 in.
437 3369 503 3438 five
526 3367 601 3436 milri
625 3366 764 3436 conflare
782 3370 949 3456 invidam,
983 3369 1053 3444 live
1067 3371 1154 3442 laudl
1168 3392 1268 3444 meae

243 3455 455 3540 servirent,
522 3453 577 3520 edi
590 3449 700 3520 debetr

199 3582 203 3592 ,
286 3537 453 3626 conflare]
512 3537 660 3624 trama
672 3535 765 3604 dada
778 3557 801 3605 a
811 3541 955 3610 metallis.

288 3623 442 3689 Sermones
473 3621 623 3689 lominum
683 3619 753 3688 fere
782 3624 953 3693 iurnalem
975 3637 1095 3714 partem
1119 3627 1274 3698 sumitur.

250 3706 369 3780 Cicero
386 3708 417 3776 in
437 3706 567 3794 epistola
584 3707 625 3774 od
670 3725 829 3774 arronem:
850 3707 1003 3780 nnltnn
1035 3729 1180 3778 ernonen
1196 3715 1272 3798 ie's,

252 3795 307 3880 qui
330 3791 488 3879 nesciunt,
517 3793 623 3869 nolis,
652 3810 825 3878 quocunque
852 3795 886 3860 in
907 3793 970 3860 loco
1048 3815 1102 3876 ur,
1133 3797 1267 3866 eunde·

117 3879 126 3898 ·
229 3911 232 3926 ·
249 3877 381 3958 ‘ulmo
402 3877 524 3944 eundern
540 3874 650 3944 niden
667 3893 697 3940 es
711 3895 744 3944 e.
767 3875 840 3962 quid
856 3875 980 3960 refert?
996 3893 1095 3956 tarent
1109 3875 1268 3968 inferno·

248 3979 315 4074 nera
332 3961 510 4038 intorno·
547 3957 638 4034 Idem
664 3959 687 4030 ll
710 4003 726 4028 ι
747 3977 782 4046 4.
797 3955 1024 4040 accusationis:
1044 3963 1084 4034 In
1091 3963 1264 4118 straunge:
