2782 4916
111 315 126 396 l
279 329 341 396 702
452 283 665 383 'ush-
742 275 1097 390 Maneat

379 507 444 576 ru
499 505 814 576 uternam
870 507 1212 584 antuman

520 617 1065 718 auGuMautum

282 742 581 895 Pinianus,
612 812 794 898 Phibppte
815 813 949 886 Sostrata
972 837 1073 889 uxore
1095 819 1203 903 filius,
1226 825 1300 892 Bac·

277 906 401 972 ebidem
421 903 620 968 meretricem
644 900 830 984 deperibat.
864 901 890 968 it
916 919 990 972 cum
1008 904 1178 989 aliquando
1205 913 1300 978 noctu

273 995 311 1057 rrd
327 1009 397 1061 eum
418 985 610 1054 temulentus
630 987 715 1062 iret,
742 985 775 1056 io
804 983 1037 1068 Philumenam,
1068 987 1242 1074 Lachetis,
1272 997 1302 1062 st

277 1074 465 1164 Myrrhinae
487 1071 606 1148 filiam,
632 1067 761 1166 incidit,
783 1089 916 1154 nmque
930 1072 960 1140 lo
980 1073 1031 1138 via
1051 1091 1108 1158 per
1129 1077 1197 1144 vim
1217 1098 1301 1146 cour·

277 1160 411 1246 pressat.
442 1173 539 1240 atque
562 1155 607 1221 lta
631 1151 771 1237 effugit,
800 1170 834 1218 ut
857 1174 961 1240 oeque
980 1153 1046 1242 lpse
1069 1176 1170 1243 catu,
1201 1181 1302 1248 neque

279 1245 382 1330 puella
397 1239 495 1326 ipsum
509 1237 700 1326 cognoscere
710 1239 865 1320 potuerit.
893 1240 924 1308 in
942 1241 994 1309 illa
1012 1257 1120 1328 autem
1137 1245 1221 1312 lulla
1240 1249 1298 1314 eti.

133 1349 135 1354 ·
159 1359 160 1367 ¹
276 1349 326 1396 am
350 1325 496 1395 annulum
523 1324 551 1388 ei
575 1323 735 1402 detraxit,
764 1341 900 1407 eumque
920 1325 1069 1394 Bacchidi
1085 1329 1174 1402 dono
1192 1332 1299 1398 dedit.

275 1409 455 1502 paulopost
472 1425 560 1494 pater
580 1427 649 1472 eum
667 1442 678 1506 9
698 1421 767 1474 tum
789 1425 825 1472 ut
848 1424 865 1472 a
887 1411 1066 1508 meretricio
1084 1433 1195 1482 amere
1213 1436 1299 1482 aver·

119 1635 125 1647 ,
202 1487 1301 1728 1rmumpraruattraherentur

275 1682 497 1828 {illatis
513 1659 1299 1842 ‘laelllllll‘lhhllllaltstat

280 1835 438 1924 gravidam
456 1830 544 1911 esse,
565 1849 657 1916 quam
675 1849 808 1914 primum
824 1849 892 1896 eam
911 1833 1070 1902 collocare
1088 1841 1299 1922 properabat:

274 1939 335 1998 ut,
364 1919 384 1985 fi
405 1913 573 2000 fortepost
592 1915 714 2000 aliquot
731 1914 850 1982 mansee
865 1935 1009 2000 pareret,
1028 1922 1161 2001 nuptiis,
1183 1937 1298 2002 quem·

275 2003 446 2072 admodum
471 2001 560 2086 saepe
581 1999 645 2079 lit,
675 2001 882 2084 obtegeretur
908 2001 1057 2086 lluprum.
1096 2004 1215 2080 cecidit
1241 2023 1297 2074 ree

275 2091 370 2189 longe
387 2087 501 2166 aliter,
522 2103 559 2150 ac
580 2083 765 2170 putabatur.
789 2086 906 2156 etenim
927 2087 1121 2170 Pamphilus,
1140 2087 1194 2174 qui
1208 2089 1294 2156 invi.

151 2195 155 2205 ’
279 2172 413 2242 tissimus
425 2169 587 2256 adjecisset
600 2170 738 2236 animum
756 2169 794 2238 arl
811 2189 877 2262 rem
895 2174 1058 2250 uxoriam,
1079 2173 1198 2258 quique
1208 2175 1296 2242 avel-

138 2329 143 2342 ,
276 2261 344 2328 lere
359 2258 391 2325 se
405 2258 604 2341 derepenrea
625 2254 791 2322 Bacchidis
803 2273 909 2320 amore
931 2275 994 2326 non
1011 2253 1140 2340 posset,
1157 2258 1203 2324 ita
1224 2261 1295 2331 dor·

278 2346 347 2412 milt
359 2359 440 2408 eum
458 2359 578 2418 uxore,-
602 2354 638 2405 ut
659 2357 726 2406 eam
745 2358 785 2406 ne
798 2334 936 2424 attigerit
951 2343 1089 2424 quidem.
1134 2343 1292 2424 Bacchis,

274 2429 384 2515 quod,
399 2429 448 2492 ‘ea
465 2426 718 2508 vera-nunquam
737 2423 769 2490 se
792 2441 921 2490 uxorem
943 2425 1134 2506 uterium,
1157 2427 1250 2514 saepe
1266 2429 1292 2496 ei

273 2511 460 2600 promiserat
481 2507 662 2593 Pamphilae
669 2553 681 2588 ,
715 2509 896 2576 nonnullam
923 2509 978 2578 fibi
997 2509 1094 2578 abeo
1117 2511 1235 2582 fastam
1252 2516 1293 2580 in·

275 2599 385 2683 jpriam
408 2612 544 2680 putant,
573 2592 675 2657 multo
698 2593 727 2688 ei
750 2593 871 2668 minua,
902 2613 995 2677 quam
1010 2595 1153 2676 solebat,
1174 2599 1291 2684 placida

276 2687 305 2750 ἃ
334 2678 510 2759 obsequens
529 2675 596 2742 esse
616 2692 745 2758 cocprt.
769 2694 810 2741 eo
829 2676 948 2744 sallum
967 2677 1031 2758 cll,
1059 2697 1097 2748 ut
1117 2681 1295 2770 Pamphilus

277 2769 305 2832 el
320 2769 352 2832 se
364 2763 510 2851 paulatim
529 2757 731 2840 subduxerit,
745 2771 910 2846 'quamque
925 2763 1010 2848 prius
1029 2763 1198 2850 spernebat
1218 2787 1291 2834 uxo·

274 2871 358 2929 rem,
388 2848 453 2930 eiua
473 2845 639 2912 mirificum
662 2843 818 2928 quendam
842 2866 980 2916 amorem
1005 2852 1112 2916 animo
1137 2869 1293 2934 concept·

274 2936 332 3002 rit.
348 2933 467 2998 interea
480 2929 626 3014 quiddam
640 2928 774 3010 accidit,
790 2945 826 2996 ut
842 2932 903 2998 iter
915 2932 1081 3018 Pamphilo
1098 2937 1130 3002 in
1152 2935 1290 3004 Imbrum

270 3018 377 3086 esset.
405 3012 553 3100 profecto
577 3031 646 3106 eo,
675 3011 882 3097 Philumena,
907 3033 987 3102 quae
1004 3019 1212 3088 intumescere
1231 3018 1289 3088 sibi

96 3175 102 3188 x
214 3151 218 3156 -
255 3115 395 3171 ‘uterum
408 3099 556 3172 sentiret,
581 3116 654 3164 cum
670 3097 826 3179 aliorum,
850 3115 918 3167 tum
936 3099 1043 3172 socrus
1060 3101 1287 3188 inprimissuae

271 3183 477 3271 eonspeslum
495 3179 690 3268 refugiebat:
712 3183 836 3252 tandem
853 3203 927 3252 eum
943 3186 973 3255 in
995 3205 1036 3254 eo
1054 3188 1155 3272 esset,
1179 3207 1216 3256 ut
1236 3208 1288 3255 ce·

272 3277 337 3341 lare
350 3269 405 3335 vix
423 3265 516 3353 porse
530 3267 661 3353 amplius
678 3267 856 3349 videretur,
878 3265 1000 3358 sumptu
1017 3274 1208 3356 occasione,
1235 3291 1288 3360 pu

270 3353 465 3426 sacrificandi
492 3351 656 3438 speeiem,
688 3353 725 3420 ad
752 3368 881 3422 matrem
897 3352 949 3436 se,
970 3376 1062 3424 unam
1078 3359 1221 3428 omnium
1242 3377 1286 3425 re·

270 3461 339 3509 rum
360 3437 539 3520 consciam,
566 3433 721 3504 confert.
748 3435 820 3524 post
846 3437 913 3506 diet
928 3439 1167 3526 complusculos
1190 3441 1284 3510 mittit

201 3599 209 3616 ,
271 3525 435 3603 Sostrata,
462 3521 516 3608 qui
540 3541 608 3589 eam
635 3519 857 3592 accerserent.
877 3522 1144 3610 respondettu,a

107 3633 111 3644 ·
159 3689 161 3694 .
271 3609 356 3678 erse.
375 3609 422 3688 it,
442 3623 479 3672 ut
493 3625 562 3675 eam
577 3605 684 3674 saltem
705 3605 841 3674 viseret.
862 3626 927 3678 uon
936 3611 1125 3680 admittitur.
1145 3543 1282 3696 w

270 3716 329 3783 pus
346 3688 492 3790 accusare
512 3709 671 3792 urrerem,
692 3691 724 3759 ht
741 3691 867 3769 dicere,
890 3692 1092 3766 haecomnia
1114 3697 1201 3766 illius
1224 3694 1283 3764 mal·

268 3775 1288 3960 hallinalbariensis,s‘al‘stlbhlalh

266 3951 358 4023 nurui
381 3943 490 4015 odiosa
513 3942 582 4014 erse
601 3943 741 4018 debeat.
770 3961 890 4018 rutmea
909 3951 993 4021 redit
1015 3951 1214 4040 Pamphilus.
1241 3967 1288 4016 at·

1227 4051 1293 4122 qil!
