2738 4910
219 408 347 508 vro,
411 413 584 516 ercr.¹
637 413 756 483 er.
815 415 955 486 ΧΙΙΙ.
1037 369 1101 502 prr

389 583 595 686 erm
654 581 781 652 xrv.
1116 543 1120 552 ’

113 739 173 807 Cur
192 741 292 828 major
314 743 350 806 in
371 741 526 808 nonnullis
547 741 755 821 civitatibus,
788 760 877 828 quom
898 745 931 808 in
957 744 1052 826 oiiir,

143 821 274 912 existere
289 825 424 908 sortium
446 829 580 890 uirorum
602 832 689 908 copia
701 824 830 912 soleat,
865 845 904 892 ex
924 825 1011 912 Hip·

102 929 104 934 '
172 925 177 932 '
405 924 527 996 putrore
555 911 751 994 exputatum.

77 998 225 1158 Quom
250 1077 381 1145 lauriae
408 1077 578 1165 sumptuosi
600 1079 745 1146 homines
759 1067 867 1145 facere
885 1079 916 1146 in
939 1079 1018 1164 cibis
1038 1078 1090 1145 so·

74 1159 151 1240 lent,
174 1177 213 1226 ut
232 1163 269 1230 iis
282 1181 365 1262 quae
385 1164 417 1231 iu
439 1165 514 1230 mari
534 1162 725 1245 nascuntur,
748 1165 844 1250 magia
864 1165 894 1230 in
913 1165 1093 1250 mcdiperra·

71 1247 149 1326 aeia,
169 1263 266 1331 quam
295 1265 327 1314 ro
343 1249 505 1316 maritimis
521 1249 600 1314 locis
615 1250 792 1334 gaudeant:
815 1263 991 1332 contraque
1015 1267 1090 1315 cum
1122 1267 1133 1302 ι·

74 1329 197 1397 inmari
229 1330 413 1414 versantur,
433 1333 474 1400 iis
497 1331 666 1401 vescantur
693 1333 858 1414 liberum,
878 1350 959 1417 qaae
982 1333 1036 1400 nisr
1060 1334 1093 1400 in

19 1485 21 1490 ,
74 1417 247 1487 continenti
266 1418 395 1501 reperiri
420 1435 485 1484 non
521 1415 643 1498 soient,
664 1433 700 1484 ut
720 1415 784 1502 ipsa
804 1435 881 1502 pere
901 1417 1008 1484 rioitas
1030 1435 1091 1500 pro

78 1501 392 1598 condimento'essm
413 1503 445 1570 ἀ
474 1501 554 1569 cibo
576 1504 774 1588 praecipuam
788 1437 941 1586 quantiam
955 1501 1086 1586 gratiam

75 1585 240 1654 cooeioare
265 1586 429 1654 vrdratur:
449 1587 533 1653 idern
560 1604 620 1672 ego
637 1589 668 1654 in
685 1585 790 1653 studiis
810 1587 964 1654 interdum
986 1583 1092 1652 facio:

77 1669 137 1748 &ir
152 1671 229 1755 quid
241 1685 296 1736 aut
311 1671 394 1754 apud
411 1671 652 1756 grammaticos,
677 1672 763 1756 quod
779 1671 817 1738 ad
832 1673 882 1754 jus
899 1671 1015 1750 civim
1036 1685 1091 1736 aut

75 1753 148 1836 apud
180 1753 360 1842 phyiicos,
388 1757 475 1906 auod
500 1756 541 1822 ad
559 1756 741 1840 politicen;
771 1769 825 1822 aut
848 1756 984 1840 denique
1005 1753 1089 1839 opud

74 1855 240 1923 quemque,
262 1839 350 1924 quod
372 1858 389 1906 a
430 1839 521 1908 aliam
546 1855 646 1908 artem
675 1859 767 1925 quam
783 1857 869 1922 eam,
889 1857 971 1925 quae
986 1840 1027 1904 ab
1047 1855 1088 1904 eo

74 1925 234 2008 praecipue
256 1924 410 1990 trauatur
421 1969 431 2006 ,
460 1925 639 2010 pertineat,
659 1925 803 2008 reperio,
822 1925 1016 2004 ‹ro-mirifice
1034 1941 1089 1988 ta·

74 2007 156 2088 pior:
176 2009 344 2094 multoque
366 2007 465 2092 magis
489 2009 632 2084 afficior,
654 2009 782 2093 quamsi
802 2009 831 2076 id
847 2009 946 2094 ipsum
959 2008 1092 2092 reperis·

74 2087 168 2162 sema
190 2095 231 2160 ud
244 2091 341 2160 alium
361 2091 565 2178 scriptorem,
585 2093 673 2175 qu'us
691 2111 727 2159 ea
744 2095 889 2160 tractatio
902 2095 1025 2180 propria
1042 2104 1092 2158 es·

74 2172 131 2270 set:
169 2111 218 2256 fit,
235 2193 363 2274 nuper,
386 2196 459 2242 cum
480 2176 691 2261 quaestionem
719 2177 898 2275 politicam,
927 2181 958 2245 ἂ
985 2177 1087 2274 magni

72 2258 199 2344 qurdem
213 2279 382 2357 momento,
402 2261 592 2360 depreheruii
607 2283 625 2327 a
641 2263 737 2347 prino
795 2263 991 2328 medicorum
1011 2263 1091 2359 Hip·

74 2344 1088 2526 tmoliti&{murmurmurmurrimmo

70 2531 103 2579 m
121 2514 306 2580 multatibus
323 2513 437 2596 liberis,
459 2533 553 2602 quam
571 2515 602 2582 in
620 2515 657 2580 iis
673 2525 752 2599 quoe
769 2515 858 2580 unius
871 2514 1089 2579 dominatore·

72 2611 208 2664 nentur:
230 2613 265 2663 ut
290 2599 320 2664 in
339 2597 470 2667 historiis
484 2601 646 2666 veteribus
659 2601 761 2673 molto
777 2599 881 2684 piures
899 2598 929 2662 le
950 2596 1029 2664 imus
1044 2594 1087 2662 A·
1144 2645 1153 2668 .

68 2677 271 2758 nitrienses,
295 2681 580 2766 Lacedaemonios,
602 2684 780 2765 Romanor,
800 2679 892 2782 quam
920 2617 1087 2780 {simion

68 2763 194 2848 Persas,
213 2765 349 2850 Medos,
370 2768 566 2838 fortitudinis
578 2767 669 2835 laude
685 2767 883 2836 excelluisse:
903 2785 1009 2852 quaeri
1018 2785 1083 2844 oon

68 2851 173 2934 injuria
187 2851 313 2937 potest,
335 2873 416 2940 quae
437 2853 469 2920 id
484 2853 590 2930 caussa
605 2855 733 2920 efficiat.
779 2851 835 2920 Ait
848 2851 942 2936 igitur
960 2851 1085 2936 Hippo-

68 2952 184 3016 crates,
210 2936 244 3002 id
264 2955 304 3002 ex
332 2956 374 3004 eo
402 2939 549 3021 evenire,
594 2939 657 3006 uod
681 2937 824 3006 homines
840 2956 898 3024 pro
913 2934 973 3002 suis
988 2953 1083 3018 quam

68 3039 121 3104 pro
137 3021 250 3088 alienis
272 3023 471 3104 commodis,
492 3043 549 3108 pro
570 2959 626 3089 aua
653 3043 746 3108 quam
776 3041 835 3108 pro
857 3021 1084 3106 alieoagloria,

68 3105 155 3192 longe
181 3107 317 3174 alacrius
333 3119 433 3194 'atque
446 3107 610 3206 animofiuo
623 3123 772 3193 pugnant.
815 3107 850 3174 in
867 3107 1020 3172 iiraurem
1041 3105 1086 3174 ci·

66 3191 234 3274 vitutibus,
255 3211 338 3277 quae
360 3191 421 3260 suis
434 3192 553 3280 legibus
570 3211 703 3270 vivunt,
725 3193 744 3270 ᾗ
765 3191 841 3276 quid
854 3190 940 3256 bollo
959 3205 1082 3274 partum
1198 3249 1207 3262 ,

70 3273 122 3353 iit,
141 3278 211 3361 ejus
233 3277 383 3364 inteiligit
403 3277 539 3362 quisque
555 3276 673 3349 civium
688 3275 806 3361 aliquid
818 3276 856 3341 ad
877 3273 979 3372 sepro
1002 3273 1085 3340 virili

65 3375 144 3441 parte
165 3362 341 3459 pertimere.
387 3362 431 3428 At
453 3360 768 3462 ubitsummarerum
781 3360 927 3457 omnium
939 3377 1034 3442 penes
1050 3379 1086 3423 u·

63 3443 1082 3625 terrast:abaffltmtituiitir,ipattrimi

65 3609 313 3692 rimiae-autem
338 3615 373 3683 oc
395 3617 517 3700 imperii
530 3611 756 3698 amplificatio,
778 3613 813 3682 ἀ·
827 3615 931 3679 omnis
947 3611 1086 3696 demque

64 3693 177 3768 froom
207 3701 268 3785 qui
288 3718 329 3768 cx
348 3699 483 3768 orooro
498 3701 639 3786 capitur,
659 3699 698 3764 ad
714 3713 893 3766 eumuoum
907 3696 1006 3796 redit,
1027 3696 1083 3782 qui

64 3799 181 3852 ceteros
211 3783 383 3870 oppressor
410 3801 518 3862 tenet,
542 3802 662 3870 corque
685 3783 779 3850 habet
799 3783 830 3849 in
854 3783 1082 3878 mancipiorum

63 3871 158 3938 mtin
174 3869 342 3956 pecudum
357 3870 442 3938 loco.
488 3869 578 3938 Haec
595 3869 626 3935 in
639 3867 720 3936 hanc
733 3869 802 3936 fere
819 3866 1003 3966 sententiam
1020 3866 1082 3962 dtr-

60 3968 209 4052 putantur
237 3955 283 4022 ab
308 3953 507 4042 Hippocrate
526 3955 557 4022 in
579 3951 707 4034 libello,
737 3971 803 4051 quo
818 3952 971 4036 explorat,
997 3947 1084 4043 Quid

59 4037 196 4112 efficiant
213 4039 318 4126 caeli,
340 4041 534 4220 aquarumir
551 4039 698 4207 Ιοοτῧιιὲι
719 4049 899 4108 varietates.
1002 4115 1037 4186 C
1053 4131 1089 4186 Δ.
