<?xml version="1.0" encoding="UTF-8"?>
<!DOCTYPE html PUBLIC "-//W3C//DTD XHTML 1.0 Transitional//EN"
    "http://www.w3.org/TR/xhtml1/DTD/xhtml1-transitional.dtd">
<html xmlns="http://www.w3.org/1999/xhtml" xml:lang="en" lang="en">
 <head>
  <title>
</title>
<meta http-equiv="Content-Type" content="text/html;charset=utf-8" />
  <meta name='ocr-system' content='tesseract 3.04.00' />
  <meta name='ocr-capabilities' content='ocr_page ocr_carea ocr_par ocr_line ocrx_word'/>
</head>
<body>
  <div class='ocr_page' id='page_1' title='image "./mantoniimuretio01thomgoog_0641.png"; bbox 0 0 2802 4920; ppageno 0'>
   <div class='ocr_carea' id='block_1_1' title="bbox 192 334 1241 489">
    <p class='ocr_par' dir='ltr' id='par_1_1' title="bbox 192 334 1241 489">
     <span class='ocr_line' id='line_1_1' title="bbox 192 334 1241 489; baseline 0.012 -52"><span class='ocrx_word' id='word_1_1' title='bbox 192 468 196 476; x_wconf 15' lang='lat'>⁸</span> <span class='ocrx_word' id='word_1_2' title='bbox 277 334 640 489; x_wconf 39' lang='lat' dir='ltr'>rnlcncrmna&#39;n.</span> <span class='ocrx_word' id='word_1_3' title='bbox 684 361 1059 487; x_wconf 54' lang='lat' dir='ltr'>lincomisum-</span> <span class='ocrx_word' id='word_1_4' title='bbox 1099 383 1170 474; x_wconf 56' lang='lat'>§33</span> <span class='ocrx_word' id='word_1_5' title='bbox 1238 451 1241 458; x_wconf 84' lang='grc'>,</span> 
     </span>
    </p>
   </div>
   <div class='ocr_carea' id='block_1_2' title="bbox 138 525 1176 1214">
    <p class='ocr_par' dir='ltr' id='par_1_2' title="bbox 138 525 1176 784">
     <span class='ocr_line' id='line_1_2' title="bbox 184 525 1174 625; baseline 0.014 -34"><span class='ocrx_word' id='word_1_6' title='bbox 184 529 228 624; x_wconf 66' lang='lat' dir='ltr'>Q</span> <span class='ocrx_word' id='word_1_7' title='bbox 255 525 387 614; x_wconf 81' lang='lat' dir='ltr'>catulo]</span> <span class='ocrx_word' id='word_1_8' title='bbox 413 525 478 594; x_wconf 90' lang='lat' dir='ltr'>Hic</span> <span class='ocrx_word' id='word_1_9' title='bbox 504 525 548 594; x_wconf 87' lang='lat' dir='ltr'>cst</span> <span class='ocrx_word' id='word_1_10' title='bbox 569 527 701 596; x_wconf 82' lang='lat' dir='ltr'>Catulus</span> <span class='ocrx_word' id='word_1_11' title='bbox 720 528 798 618; x_wconf 88' lang='lat' dir='ltr'>ille,</span> <span class='ocrx_word' id='word_1_12' title='bbox 827 532 888 625; x_wconf 90' lang='lat' dir='ltr'>qui.</span> <span class='ocrx_word' id='word_1_13' title='bbox 903 531 1096 603; x_wconf 84' lang='lat' dir='ltr'>Ciceronem</span> <span class='ocrx_word' id='word_1_14' title='bbox 1117 554 1174 622; x_wconf 62' lang='lat' dir='ltr'>pas.</span> 
     </span>
     <span class='ocr_line' id='line_1_3' title="bbox 139 613 1176 704; baseline 0.006 -22"><span class='ocrx_word' id='word_1_15' title='bbox 139 626 221 684; x_wconf 85' lang='lat' dir='ltr'>trem</span> <span class='ocrx_word' id='word_1_16' title='bbox 238 613 360 700; x_wconf 79' lang='lat' dir='ltr'>patriae</span> <span class='ocrx_word' id='word_1_17' title='bbox 373 613 569 680; x_wconf 88' lang='lat' dir='ltr'>nomina-vit:</span> <span class='ocrx_word' id='word_1_18' title='bbox 604 614 722 700; x_wconf 89' lang='lat' dir='ltr'>quique</span> <span class='ocrx_word' id='word_1_19' title='bbox 741 629 890 702; x_wconf 74' lang='lat' dir='ltr'>tumeret</span> <span class='ocrx_word' id='word_1_20' title='bbox 913 617 1059 704; x_wconf 81' lang='lat' dir='ltr'>princeps</span> <span class='ocrx_word' id='word_1_21' title='bbox 1085 618 1176 690; x_wconf 63' lang='lat' dir='ltr'>sena&lt;</span> 
     </span>
     <span class='ocr_line' id='line_1_4' title="bbox 138 694 1174 784; baseline -0.006 -16"><span class='ocrx_word' id='word_1_22' title='bbox 138 721 214 781; x_wconf 87' lang='lat' dir='ltr'>tus,</span> <span class='ocrx_word' id='word_1_23' title='bbox 232 716 330 784; x_wconf 87' lang='lat' dir='ltr'>atque</span> <span class='ocrx_word' id='word_1_24' title='bbox 346 697 426 762; x_wconf 87' lang='lat' dir='ltr'>adeo</span> <span class='ocrx_word' id='word_1_25' title='bbox 444 694 596 764; x_wconf 86' lang='lat' dir='ltr'>civitatis.</span> <span class='ocrx_word' id='word_1_26' title='bbox 799 756 802 762; x_wconf 92' lang='lat'>.</span> <span class='ocrx_word' id='word_1_27' title='bbox 1081 712 1088 718; x_wconf 88' lang='lat'>·</span> <span class='ocrx_word' id='word_1_28' title='bbox 1110 713 1116 720; x_wconf 90' lang='lat'><strong>·</strong></span> <span class='ocrx_word' id='word_1_29' title='bbox 1143 709 1174 774; x_wconf 66' lang='lat' dir='ltr'>&#39;f</span> 
     </span>
    </p>

    <p class='ocr_par' dir='ltr' id='par_1_3' title="bbox 138 775 1174 1214">
     <span class='ocr_line' id='line_1_5' title="bbox 181 775 1170 872; baseline 0.013 -25"><span class='ocrx_word' id='word_1_30' title='bbox 181 785 257 854; x_wconf 85' lang='lat' dir='ltr'>Nun</span> <span class='ocrx_word' id='word_1_31' title='bbox 275 801 336 848; x_wconf 84' lang='lat' dir='ltr'>tum</span> <span class='ocrx_word' id='word_1_32' title='bbox 353 776 445 864; x_wconf 81' lang='lat' dir='ltr'>ipfius</span> <span class='ocrx_word' id='word_1_33' title='bbox 462 775 631 870; x_wconf 74' lang='lat' dir='ltr'>internus]</span> <span class='ocrx_word' id='word_1_34' title='bbox 654 781 724 865; x_wconf 80' lang='lat' dir='ltr'>An,</span> <span class='ocrx_word' id='word_1_35' title='bbox 745 785 831 872; x_wconf 88' lang='lat' dir='ltr'>quod</span> <span class='ocrx_word' id='word_1_36' title='bbox 851 785 918 871; x_wconf 89' lang='lat' dir='ltr'>ipse</span> <span class='ocrx_word' id='word_1_37' title='bbox 944 787 1026 854; x_wconf 76' lang='lat' dir='ltr'>civis</span> <span class='ocrx_word' id='word_1_38' title='bbox 1044 787 1170 860; x_wconf 72' lang='lat' dir='ltr'>scdulo-f</span> 
     </span>
     <span class='ocr_line' id='line_1_6' title="bbox 140 865 1174 964; baseline 0.004 -28"><span class='ocrx_word' id='word_1_39' title='bbox 140 867 193 938; x_wconf 85' lang='lat' dir='ltr'>sus</span> <span class='ocrx_word' id='word_1_40' title='bbox 216 883 254 934; x_wconf 90' lang='lat' dir='ltr'>ac</span> <span class='ocrx_word' id='word_1_41' title='bbox 284 867 362 951; x_wconf 90' lang='lat' dir='ltr'>reip.</span> <span class='ocrx_word' id='word_1_42' title='bbox 381 865 500 932; x_wconf 89' lang='lat' dir='ltr'>inutilis</span> <span class='ocrx_word' id='word_1_43' title='bbox 524 865 649 936; x_wconf 84' lang='lat' dir='ltr'>foret?</span> <span class='ocrx_word' id='word_1_44' title='bbox 693 869 789 954; x_wconf 84' lang='lat' dir='ltr'>Apud</span> <span class='ocrx_word' id='word_1_45' title='bbox 812 869 1017 939; x_wconf 82' lang='lat' dir='ltr'>Plutarchum</span> <span class='ocrx_word' id='word_1_46' title='bbox 1043 875 1174 964; x_wconf 78' lang='lat' dir='ltr'>quidem</span> 
     </span>
     <span class='ocr_line' id='line_1_7' title="bbox 140 950 1171 1054; baseline 0.006 -32"><span class='ocrx_word' id='word_1_47' title='bbox 140 969 232 1022; x_wconf 91' lang='lat' dir='ltr'>certe</span> <span class='ocrx_word' id='word_1_48' title='bbox 259 951 345 1040; x_wconf 88' lang='lat' dir='ltr'>Sylla</span> <span class='ocrx_word' id='word_1_49' title='bbox 369 968 443 1016; x_wconf 86' lang='lat' dir='ltr'>eum</span> <span class='ocrx_word' id='word_1_50' title='bbox 467 950 628 1018; x_wconf 90' lang='lat' dir='ltr'>hominem</span> <span class='ocrx_word' id='word_1_51' title='bbox 654 955 797 1022; x_wconf 89' lang='lat' dir='ltr'>omnium</span> <span class='ocrx_word' id='word_1_52' title='bbox 815 955 1036 1054; x_wconf 84' lang='lat' dir='ltr'>nequisfimum</span> <span class='ocrx_word' id='word_1_53' title='bbox 1061 977 1171 1028; x_wconf 89' lang='lat' dir='ltr'>vocat.</span> 
     </span>
     <span class='ocr_line' id='line_1_8' title="bbox 139 1035 1170 1126; baseline 0.008 -21"><span class='ocrx_word' id='word_1_54' title='bbox 139 1039 186 1105; x_wconf 90' lang='lat' dir='ltr'>ita</span> <span class='ocrx_word' id='word_1_55' title='bbox 203 1037 286 1105; x_wconf 89' lang='lat' dir='ltr'>enim</span> <span class='ocrx_word' id='word_1_56' title='bbox 314 1035 485 1120; x_wconf 78' lang='lat' dir='ltr'>alloquitur</span> <span class='ocrx_word' id='word_1_57' title='bbox 511 1036 725 1121; x_wconf 84' lang='lat' dir='ltr'>Pompeium,</span> <span class='ocrx_word' id='word_1_58' title='bbox 756 1039 844 1122; x_wconf 82' lang='lat' dir='ltr'>cuius</span> <span class='ocrx_word' id='word_1_59' title='bbox 861 1039 915 1106; x_wconf 89' lang='lat' dir='ltr'>rlle</span> <span class='ocrx_word' id='word_1_60' title='bbox 936 1059 1031 1126; x_wconf 91' lang='lat' dir='ltr'>opera</span> <span class='ocrx_word' id='word_1_61' title='bbox 1056 1043 1170 1113; x_wconf 86' lang='lat' dir='ltr'>consul</span> 
     </span>
     <span class='ocr_line' id='line_1_9' title="bbox 138 1122 1174 1214; baseline 0.003 -26"><span class='ocrx_word' id='word_1_62' title='bbox 138 1124 228 1212; x_wconf 81' lang='lat' dir='ltr'>prior</span> <span class='ocrx_word' id='word_1_63' title='bbox 248 1122 444 1190; x_wconf 78' lang='lat' dir='ltr'>renuntiatus</span> <span class='ocrx_word' id='word_1_64' title='bbox 471 1135 562 1187; x_wconf 85' lang='lat' dir='ltr'>erat:</span> <span class='ocrx_word' id='word_1_65' title='bbox 585 1130 649 1192; x_wconf 70' lang='lat' dir='ltr'>mels</span> <span class='ocrx_word' id='word_1_66' title='bbox 675 1123 781 1210; x_wconf 55' lang='grc' dir='ltr'>,8.ἐῇ</span> <span class='ocrx_word' id='word_1_67' title='bbox 795 1133 880 1188; x_wconf 69' lang='lat' dir='ltr'>salu</span> <span class='ocrx_word' id='word_1_68' title='bbox 898 1123 1021 1210; x_wconf 61' lang='lat' dir='ltr'>sternia,</span> <span class='ocrx_word' id='word_1_69' title='bbox 1052 1125 1174 1214; x_wconf 14' lang='lat' dir='ltr'>utun-⁴</span> 
     </span>
    </p>
   </div>
   <div class='ocr_carea' id='block_1_3' title="bbox 138 1201 1311 1310">
    <p class='ocr_par' dir='ltr' id='par_1_4' title="bbox 138 1201 1311 1310">
     <span class='ocr_line' id='line_1_10' title="bbox 138 1201 1311 1310; baseline 0.002 -42"><span class='ocrx_word' id='word_1_70' title='bbox 138 1209 240 1310; x_wconf 59' lang='lat' dir='ltr'>Kisa·</span> <span class='ocrx_word' id='word_1_71' title='bbox 262 1204 401 1273; x_wconf 59' lang='lat' dir='ltr'>avim·</span> <span class='ocrx_word' id='word_1_72' title='bbox 424 1201 539 1285; x_wconf 62' lang='lat' dir='ltr'>eldea,</span> <span class='ocrx_word' id='word_1_73' title='bbox 561 1206 667 1270; x_wconf 66' lang='lat' dir='ltr'>alnus</span> <span class='ocrx_word' id='word_1_74' title='bbox 690 1208 713 1270; x_wconf 63' lang='grc' dir='ltr'>ἒ·</span> <span class='ocrx_word' id='word_1_75' title='bbox 733 1211 834 1272; x_wconf 68' lang='lat' dir='ltr'>utimr</span> <span class='ocrx_word' id='word_1_76' title='bbox 851 1209 950 1286; x_wconf 51' lang='lat' dir='ltr'>dume</span> <span class='ocrx_word' id='word_1_77' title='bbox 978 1209 1174 1294; x_wconf 53' lang='lat' dir='ltr'>duohrffiq</span> <span class='ocrx_word' id='word_1_78' title='bbox 1309 1273 1311 1280; x_wconf 70' lang='grc'>,</span> 
     </span>
    </p>
   </div>
   <div class='ocr_carea' id='block_1_4' title="bbox 55 1287 1315 2901">
    <p class='ocr_par' dir='ltr' id='par_1_5' title="bbox 55 1287 1315 2901">
     <span class='ocr_line' id='line_1_11' title="bbox 140 1287 1172 1376; baseline 0.012 -25"><span class='ocrx_word' id='word_1_79' title='bbox 140 1315 260 1372; x_wconf 65' lang='lat' dir='ltr'>aorem</span> <span class='ocrx_word' id='word_1_80' title='bbox 282 1287 399 1369; x_wconf 63' lang='grc' dir='ltr'>ὕπατοι,</span> <span class='ocrx_word' id='word_1_81' title='bbox 419 1298 460 1356; x_wconf 72' lang='grc' dir='ltr'>η’</span> <span class='ocrx_word' id='word_1_82' title='bbox 479 1289 595 1364; x_wconf 52' lang='lat' dir='ltr'>Mitte·</span> <span class='ocrx_word' id='word_1_83' title='bbox 613 1288 665 1367; x_wconf 61' lang='grc' dir='ltr'>ἔτι</span> <span class='ocrx_word' id='word_1_84' title='bbox 685 1291 971 1374; x_wconf 41' lang='lat' dir='ltr'>&amp;ululatio-3</span> <span class='ocrx_word' id='word_1_85' title='bbox 988 1312 1028 1360; x_wconf 72' lang='lat' dir='ltr'>dc</span> <span class='ocrx_word' id='word_1_86' title='bbox 1047 1293 1172 1376; x_wconf 70' lang='lat' dir='ltr'>Plutars·</span> 
     </span>
     <span class='ocr_line' id='line_1_12' title="bbox 139 1371 1173 1463; baseline 0.007 -23"><span class='ocrx_word' id='word_1_87' title='bbox 139 1376 222 1441; x_wconf 87' lang='lat' dir='ltr'>chus</span> <span class='ocrx_word' id='word_1_88' title='bbox 241 1373 308 1453; x_wconf 90' lang='lat' dir='ltr'>ait,</span> <span class='ocrx_word' id='word_1_89' title='bbox 335 1391 427 1455; x_wconf 89' lang='lat' dir='ltr'>eum,</span> <span class='ocrx_word' id='word_1_90' title='bbox 449 1372 536 1460; x_wconf 86' lang='lat' dir='ltr'>Sylla</span> <span class='ocrx_word' id='word_1_91' title='bbox 555 1390 703 1450; x_wconf 87' lang='lat' dir='ltr'>mortuo,</span> <span class='ocrx_word' id='word_1_92' title='bbox 725 1371 827 1442; x_wconf 89' lang='lat' dir='ltr'>statim</span> <span class='ocrx_word' id='word_1_93' title='bbox 851 1393 959 1462; x_wconf 90' lang='lat' dir='ltr'>aperte</span> <span class='ocrx_word' id='word_1_94' title='bbox 983 1375 1104 1463; x_wconf 82' lang='lat' dir='ltr'>cepisse</span> <span class='ocrx_word' id='word_1_95' title='bbox 1125 1381 1173 1448; x_wconf 89' lang='lat' dir='ltr'>in·</span> 
     </span>
     <span class='ocr_line' id='line_1_13' title="bbox 144 1455 1171 1548; baseline -0.002 -18"><span class='ocrx_word' id='word_1_96' title='bbox 144 1459 267 1530; x_wconf 73' lang='lat' dir='ltr'>sinuare</span> <span class='ocrx_word' id='word_1_97' title='bbox 278 1455 311 1526; x_wconf 89' lang='lat' dir='ltr'>se</span> <span class='ocrx_word' id='word_1_98' title='bbox 322 1457 353 1524; x_wconf 90' lang='lat' dir='ltr'>in</span> <span class='ocrx_word' id='word_1_99' title='bbox 366 1475 433 1524; x_wconf 90' lang='lat' dir='ltr'>eam</span> <span class='ocrx_word' id='word_1_100' title='bbox 448 1457 543 1544; x_wconf 86' lang='lat' dir='ltr'>ipsam</span> <span class='ocrx_word' id='word_1_101' title='bbox 558 1460 755 1544; x_wconf 77' lang='lat' dir='ltr'>potentiam,</span> <span class='ocrx_word' id='word_1_102' title='bbox 779 1479 872 1545; x_wconf 89' lang='lat' dir='ltr'>quam</span> <span class='ocrx_word' id='word_1_103' title='bbox 891 1461 977 1548; x_wconf 83' lang='lat' dir='ltr'>Sylla</span> <span class='ocrx_word' id='word_1_104' title='bbox 992 1462 1171 1530; x_wconf 85' lang='lat' dir='ltr'>incivitate</span> 
     </span>
     <span class='ocr_line' id='line_1_14' title="bbox 143 1540 1171 1634; baseline 0.004 -22"><span class='ocrx_word' id='word_1_105' title='bbox 143 1544 337 1613; x_wconf 81' lang='lat' dir='ltr'>obtinuerat.</span> <span class='ocrx_word' id='word_1_106' title='bbox 360 1540 414 1608; x_wconf 91' lang='lat' dir='ltr'>scd</span> <span class='ocrx_word' id='word_1_107' title='bbox 439 1543 554 1624; x_wconf 88' lang='lat' dir='ltr'>verba,</span> <span class='ocrx_word' id='word_1_108' title='bbox 573 1542 688 1630; x_wconf 84' lang='lat' dir='ltr'>quibua</span> <span class='ocrx_word' id='word_1_109' title='bbox 710 1541 774 1610; x_wconf 87' lang='lat' dir='ltr'>hoc</span> <span class='ocrx_word' id='word_1_110' title='bbox 800 1543 989 1631; x_wconf 72' lang='lat' dir='ltr'>Plutarchus</span> <span class='ocrx_word' id='word_1_111' title='bbox 1012 1547 1171 1634; x_wconf 83' lang='lat' dir='ltr'>declarat,</span> 
     </span>
     <span class='ocr_line' id='line_1_15' title="bbox 140 1623 1174 1716; baseline 0.006 -20"><span class='ocrx_word' id='word_1_112' title='bbox 140 1626 358 1696; x_wconf 84' lang='lat' dir='ltr'>absurdisfime</span> <span class='ocrx_word' id='word_1_113' title='bbox 371 1627 523 1695; x_wconf 87' lang='lat' dir='ltr'>conversa</span> <span class='ocrx_word' id='word_1_114' title='bbox 543 1627 671 1698; x_wconf 88' lang='lat' dir='ltr'>suntab</span> <span class='ocrx_word' id='word_1_115' title='bbox 689 1623 746 1694; x_wconf 89' lang='lat' dir='ltr'>illo</span> <span class='ocrx_word' id='word_1_116' title='bbox 768 1626 874 1696; x_wconf 88' lang='lat' dir='ltr'>nescio</span> <span class='ocrx_word' id='word_1_117' title='bbox 897 1648 980 1716; x_wconf 86' lang='lat' dir='ltr'>quo,</span> <span class='ocrx_word' id='word_1_118' title='bbox 1004 1630 1058 1716; x_wconf 88' lang='lat' dir='ltr'>qui</span> <span class='ocrx_word' id='word_1_119' title='bbox 1075 1633 1174 1702; x_wconf 81' lang='lat' dir='ltr'>Pom·</span> 
     </span>
     <span class='ocr_line' id='line_1_16' title="bbox 185 1711 1315 1802; baseline 0.006 -24"><span class='ocrx_word' id='word_1_120' title='bbox 185 1714 207 1796; x_wconf 85' lang='lat' dir='ltr'>ji</span> <span class='ocrx_word' id='word_1_121' title='bbox 222 1711 652 1798; x_wconf 86' lang='lat' dir='ltr'>vitamLatineinterpretari</span> <span class='ocrx_word' id='word_1_122' title='bbox 666 1712 788 1783; x_wconf 89' lang='lat' dir='ltr'>voluit.</span> <span class='ocrx_word' id='word_1_123' title='bbox 808 1731 848 1788; x_wconf 89' lang='lat' dir='ltr'>an</span> <span class='ocrx_word' id='word_1_124' title='bbox 887 1730 923 1783; x_wconf 88' lang='lat' dir='ltr'>ut</span> <span class='ocrx_word' id='word_1_125' title='bbox 945 1715 1062 1784; x_wconf 88' lang='lat' dir='ltr'>Catulo</span> <span class='ocrx_word' id='word_1_126' title='bbox 1077 1718 1172 1802; x_wconf 71' lang='lat' dir='ltr'>pati·</span> <span class='ocrx_word' id='word_1_127' title='bbox 1227 1741 1230 1746; x_wconf 91' lang='lat'>·</span> <span class='ocrx_word' id='word_1_128' title='bbox 1312 1725 1315 1736; x_wconf 93' lang='grc'>’</span> 
     </span>
     <span class='ocr_line' id='line_1_17' title="bbox 170 1761 1171 1894; baseline 0.002 -29"><span class='ocrx_word' id='word_1_129' title='bbox 170 1813 277 1879; x_wconf 83' lang='lat' dir='ltr'>cetur,</span> <span class='ocrx_word' id='word_1_130' title='bbox 297 1797 366 1864; x_wconf 92' lang='lat' dir='ltr'>ital</span> <span class='ocrx_word' id='word_1_131' title='bbox 413 1796 522 1865; x_wconf 76' lang='lat' dir='ltr'>uitur?</span> <span class='ocrx_word' id='word_1_132' title='bbox 543 1801 646 1894; x_wconf 80' lang='lat' dir='ltr'>deque</span> <span class='ocrx_word' id='word_1_133' title='bbox 669 1799 754 1866; x_wconf 86' lang='lat' dir='ltr'>enim</span> <span class='ocrx_word' id='word_1_134' title='bbox 771 1761 911 1868; x_wconf 67' lang='lat' dir='ltr'>eusdem</span> <span class='ocrx_word' id='word_1_135' title='bbox 931 1799 1067 1871; x_wconf 89' lang='lat' dir='ltr'>hominis</span> <span class='ocrx_word' id='word_1_136' title='bbox 1083 1817 1171 1886; x_wconf 86' lang='lat' dir='ltr'>erat,</span> 
     </span>
     <span class='ocr_line' id='line_1_18' title="bbox 143 1819 1170 2034; baseline 0.006 -84"><span class='ocrx_word' id='word_1_137' title='bbox 143 1883 200 2034; x_wconf 57' lang='lat' dir='ltr'>Pul</span> <span class='ocrx_word' id='word_1_138' title='bbox 234 1881 383 1980; x_wconf 83' lang='lat' dir='ltr'>Catulum</span> <span class='ocrx_word' id='word_1_139' title='bbox 416 1881 581 1965; x_wconf 70' lang='lat' dir='ltr'>audasset3</span> <span class='ocrx_word' id='word_1_140' title='bbox 615 1884 752 1981; x_wconf 78' lang='lat' dir='ltr'>dicere,</span> <span class='ocrx_word' id='word_1_141' title='bbox 789 1819 904 1970; x_wconf 39' lang='lat' dir='ltr'>{epidi</span> <span class='ocrx_word' id='word_1_142' title='bbox 925 1901 1061 1956; x_wconf 85' lang='lat' dir='ltr'>mortem</span> <span class='ocrx_word' id='word_1_143' title='bbox 1090 1890 1170 1973; x_wconf 87' lang='lat' dir='ltr'>reip.</span> 
     </span>
     <span class='ocr_line' id='line_1_19' title="bbox 160 1966 1170 2054; baseline 0.008 -22"><span class='ocrx_word' id='word_1_144' title='bbox 160 1967 266 2036; x_wconf 67' lang='lat' dir='ltr'>utinm</span> <span class='ocrx_word' id='word_1_145' title='bbox 286 1966 440 2036; x_wconf 79' lang='lat' dir='ltr'>attulisse.</span> <span class='ocrx_word' id='word_1_146' title='bbox 469 1985 566 2054; x_wconf 86' lang='lat' dir='ltr'>atque</span> <span class='ocrx_word' id='word_1_147' title='bbox 586 1969 824 2052; x_wconf 77' lang='lat' dir='ltr'>animadverte,</span> <span class='ocrx_word' id='word_1_148' title='bbox 853 1987 947 2051; x_wconf 82' lang='lat' dir='ltr'>quam</span> <span class='ocrx_word' id='word_1_149' title='bbox 971 1971 1170 2042; x_wconf 74' lang='lat' dir='ltr'>confidant</span> 
     </span>
     <span class='ocr_line' id='line_1_20' title="bbox 137 2051 1170 2140; baseline -0.001 -16"><span class='ocrx_word' id='word_1_150' title='bbox 137 2053 301 2137; x_wconf 83' lang='lat' dir='ltr'>loquatur.</span> <span class='ocrx_word' id='word_1_151' title='bbox 326 2051 655 2138; x_wconf 85' lang='lat' dir='ltr'>nonenimprorsusn</span> <span class='ocrx_word' id='word_1_152' title='bbox 695 2068 752 2132; x_wconf 88' lang='lat' dir='ltr'>at,</span> <span class='ocrx_word' id='word_1_153' title='bbox 770 2051 882 2140; x_wconf 87' lang='lat' dir='ltr'>Lepidi</span> <span class='ocrx_word' id='word_1_154' title='bbox 895 2071 1031 2123; x_wconf 89' lang='lat' dir='ltr'>mortem</span> <span class='ocrx_word' id='word_1_155' title='bbox 1045 2057 1170 2125; x_wconf 80' lang='lat' dir='ltr'>luctuo-</span> 
     </span>
     <span class='ocr_line' id='line_1_21' title="bbox 142 2130 1166 2223; baseline 0.007 -18"><span class='ocrx_word' id='word_1_156' title='bbox 142 2135 209 2205; x_wconf 82' lang='lat' dir='ltr'>sam</span> <span class='ocrx_word' id='word_1_157' title='bbox 225 2135 342 2204; x_wconf 77' lang='lat' dir='ltr'>fuisset</span> <span class='ocrx_word' id='word_1_158' title='bbox 361 2137 426 2223; x_wconf 82' lang='lat' dir='ltr'>agit</span> <span class='ocrx_word' id='word_1_159' title='bbox 443 2137 526 2205; x_wconf 85' lang='lat' dir='ltr'>euim</span> <span class='ocrx_word' id='word_1_160' title='bbox 542 2130 580 2204; x_wconf 87' lang='lat' dir='ltr'>ad</span> <span class='ocrx_word' id='word_1_161' title='bbox 597 2156 681 2222; x_wconf 90' lang='lat' dir='ltr'>popu</span> <span class='ocrx_word' id='word_1_162' title='bbox 697 2155 767 2204; x_wconf 85' lang='lat' dir='ltr'>um:</span> <span class='ocrx_word' id='word_1_163' title='bbox 789 2137 971 2222; x_wconf 83' lang='lat' dir='ltr'>&amp;Lepidus</span> <span class='ocrx_word' id='word_1_164' title='bbox 985 2141 1166 2212; x_wconf 87' lang='lat' dir='ltr'>tenuiorum</span> 
     </span>
     <span class='ocr_line' id='line_1_22' title="bbox 142 2219 1170 2308; baseline 0.005 -19"><span class='ocrx_word' id='word_1_165' title='bbox 142 2221 179 2289; x_wconf 86' lang='lat' dir='ltr'>se</span> <span class='ocrx_word' id='word_1_166' title='bbox 201 2237 464 2306; x_wconf 81' lang='lat' dir='ltr'>propugnatorem</span> <span class='ocrx_word' id='word_1_167' title='bbox 478 2221 626 2289; x_wconf 87' lang='lat' dir='ltr'>adversus</span> <span class='ocrx_word' id='word_1_168' title='bbox 644 2221 789 2308; x_wconf 87' lang='lat' dir='ltr'>Syllanos</span> <span class='ocrx_word' id='word_1_169' title='bbox 811 2219 917 2288; x_wconf 90' lang='lat' dir='ltr'>haberi</span> <span class='ocrx_word' id='word_1_170' title='bbox 934 2225 1097 2291; x_wconf 83' lang='lat' dir='ltr'>voluerat:</span> <span class='ocrx_word' id='word_1_171' title='bbox 1114 2225 1170 2295; x_wconf 84' lang='lat' dir='ltr'>sed</span> 
     </span>
     <span class='ocr_line' id='line_1_23' title="bbox 149 2302 1081 2392; baseline -0.001 -16"><span class='ocrx_word' id='word_1_172' title='bbox 149 2321 267 2392; x_wconf 83' lang='lat' dir='ltr'>negat,</span> <span class='ocrx_word' id='word_1_173' title='bbox 285 2323 352 2372; x_wconf 88' lang='lat' dir='ltr'>eam</span> <span class='ocrx_word' id='word_1_174' title='bbox 372 2321 435 2374; x_wconf 91' lang='lat' dir='ltr'>tam</span> <span class='ocrx_word' id='word_1_175' title='bbox 448 2304 622 2374; x_wconf 72' lang='lat' dir='ltr'>ludluosam</span> <span class='ocrx_word' id='word_1_176' title='bbox 635 2302 754 2385; x_wconf 87' lang='lat' dir='ltr'>fuisse,</span> <span class='ocrx_word' id='word_1_177' title='bbox 775 2324 868 2390; x_wconf 89' lang='lat' dir='ltr'>quam</span> <span class='ocrx_word' id='word_1_178' title='bbox 889 2322 1081 2375; x_wconf 89' lang='lat' dir='ltr'>ceterorum.</span> 
     </span>
     <span class='ocr_line' id='line_1_24' title="bbox 55 2389 1170 2482; baseline 0.004 -24"><span class='ocrx_word' id='word_1_179' title='bbox 55 2404 58 2413; x_wconf 86' lang='lat'>&#39;</span> <span class='ocrx_word' id='word_1_180' title='bbox 185 2395 289 2476; x_wconf 84' lang='lat' dir='ltr'>Atque</span> <span class='ocrx_word' id='word_1_181' title='bbox 312 2391 388 2457; x_wconf 85' lang='lat' dir='ltr'>illut</span> <span class='ocrx_word' id='word_1_182' title='bbox 410 2389 618 2480; x_wconf 58' lang='lat' dir='ltr'>dissensiones]</span> <span class='ocrx_word' id='word_1_183' title='bbox 642 2391 762 2456; x_wconf 85' lang='lat' dir='ltr'>Omnes</span> <span class='ocrx_word' id='word_1_184' title='bbox 790 2405 915 2456; x_wconf 89' lang='lat' dir='ltr'>veteres</span> <span class='ocrx_word' id='word_1_185' title='bbox 936 2391 1031 2458; x_wconf 89' lang='lat' dir='ltr'>libri:</span> <span class='ocrx_word' id='word_1_186' title='bbox 1062 2391 1170 2482; x_wconf 81' lang='lat' dir='ltr'>Atque</span> 
     </span>
     <span class='ocr_line' id='line_1_25' title="bbox 144 2471 1169 2563; baseline 0.006 -21"><span class='ocrx_word' id='word_1_187' title='bbox 144 2477 225 2542; x_wconf 80' lang='lat' dir='ltr'>illae</span> <span class='ocrx_word' id='word_1_188' title='bbox 239 2487 338 2540; x_wconf 82' lang='lat' dir='ltr'>tumen</span> <span class='ocrx_word' id='word_1_189' title='bbox 356 2496 455 2542; x_wconf 81' lang='lat' dir='ltr'>omnes</span> <span class='ocrx_word' id='word_1_190' title='bbox 471 2471 673 2562; x_wconf 82' lang='lat' dir='ltr'>dissenfinnts.</span> <span class='ocrx_word' id='word_1_191' title='bbox 696 2474 782 2559; x_wconf 90' lang='lat' dir='ltr'>quod</span> <span class='ocrx_word' id='word_1_192' title='bbox 800 2473 964 2563; x_wconf 87' lang='lat' dir='ltr'>perspicue</span> <span class='ocrx_word' id='word_1_193' title='bbox 982 2495 1092 2546; x_wconf 84' lang='lat' dir='ltr'>verum</span> <span class='ocrx_word' id='word_1_194' title='bbox 1111 2479 1169 2548; x_wconf 86' lang='lat' dir='ltr'>eli.</span> 
     </span>
     <span class='ocr_line' id='line_1_26' title="bbox 144 2557 1200 2644; baseline -0.003 -18"><span class='ocrx_word' id='word_1_195' title='bbox 144 2562 255 2626; x_wconf 82' lang='lat' dir='ltr'>cadem</span> <span class='ocrx_word' id='word_1_196' title='bbox 270 2576 375 2632; x_wconf 80' lang='lat' dir='ltr'>autern</span> <span class='ocrx_word' id='word_1_197' title='bbox 390 2560 489 2626; x_wconf 83' lang='lat' dir='ltr'>verba</span> <span class='ocrx_word' id='word_1_198' title='bbox 509 2559 603 2644; x_wconf 84' lang='lat' dir='ltr'>paulo</span> <span class='ocrx_word' id='word_1_199' title='bbox 623 2557 705 2625; x_wconf 87' lang='lat' dir='ltr'>infra</span> <span class='ocrx_word' id='word_1_200' title='bbox 722 2559 847 2643; x_wconf 88' lang='lat' dir='ltr'>repetit.</span> <span class='ocrx_word' id='word_1_201' title='bbox 1197 2605 1200 2613; x_wconf 84' lang='lat'><em>.</em></span> 
     </span>
     <span class='ocr_line' id='line_1_27' title="bbox 188 2642 1309 2738; baseline 0.004 -28"><span class='ocrx_word' id='word_1_202' title='bbox 188 2646 454 2732; x_wconf 79' lang='lat' dir='ltr'>Commuuntlnm]</span> <span class='ocrx_word' id='word_1_203' title='bbox 479 2644 579 2738; x_wconf 88' lang='lat' dir='ltr'>Quod</span> <span class='ocrx_word' id='word_1_204' title='bbox 604 2643 654 2710; x_wconf 91' lang='lat' dir='ltr'>alii</span> <span class='ocrx_word' id='word_1_205' title='bbox 676 2657 771 2728; x_wconf 87' lang='lat' dir='ltr'>penes</span> <span class='ocrx_word' id='word_1_206' title='bbox 797 2642 964 2727; x_wconf 89' lang='lat' dir='ltr'>senatum,</span> <span class='ocrx_word' id='word_1_207' title='bbox 991 2643 1048 2711; x_wconf 88' lang='lat' dir='ltr'>alil</span> <span class='ocrx_word' id='word_1_208' title='bbox 1071 2664 1171 2734; x_wconf 87' lang='lat' dir='ltr'>penes</span> <span class='ocrx_word' id='word_1_209' title='bbox 1303 2701 1309 2715; x_wconf 89' lang='lat'><strong><em>.</em></strong></span> 
     </span>
     <span class='ocr_line' id='line_1_28' title="bbox 140 2727 909 2816; baseline -0.007 -21"><span class='ocrx_word' id='word_1_210' title='bbox 140 2731 298 2816; x_wconf 89' lang='lat' dir='ltr'>populum</span> <span class='ocrx_word' id='word_1_211' title='bbox 312 2727 379 2796; x_wconf 88' lang='lat' dir='ltr'>esse</span> <span class='ocrx_word' id='word_1_212' title='bbox 392 2749 496 2796; x_wconf 87' lang='lat' dir='ltr'>retum</span> <span class='ocrx_word' id='word_1_213' title='bbox 514 2727 665 2812; x_wconf 88' lang='lat' dir='ltr'>summam</span> <span class='ocrx_word' id='word_1_214' title='bbox 682 2727 842 2796; x_wconf 82' lang='lat' dir='ltr'>uolebant.</span> <span class='ocrx_word' id='word_1_215' title='bbox 904 2783 909 2790; x_wconf 95' lang='lat'>.</span> 
     </span>
     <span class='ocr_line' id='line_1_29' title="bbox 189 2811 1168 2901; baseline 0.002 -21"><span class='ocrx_word' id='word_1_216' title='bbox 189 2816 296 2901; x_wconf 85' lang='lat' dir='ltr'>Atque</span> <span class='ocrx_word' id='word_1_217' title='bbox 311 2817 386 2880; x_wconf 83' lang='lat' dir='ltr'>illue</span> <span class='ocrx_word' id='word_1_218' title='bbox 401 2811 516 2900; x_wconf 84' lang='lat' dir='ltr'>tomen]</span> <span class='ocrx_word' id='word_1_219' title='bbox 545 2811 749 2898; x_wconf 85' lang='lat' dir='ltr'>Duplexnlc</span> <span class='ocrx_word' id='word_1_220' title='bbox 765 2815 960 2897; x_wconf 90' lang='lat' dir='ltr'>comparatio</span> <span class='ocrx_word' id='word_1_221' title='bbox 984 2813 1039 2882; x_wconf 88' lang='lat' dir='ltr'>est.</span> <span class='ocrx_word' id='word_1_222' title='bbox 1072 2815 1168 2901; x_wconf 84' lang='lat' dir='ltr'>Supe-</span> 
     </span>
    </p>
   </div>
   <div class='ocr_carea' id='block_1_5' title="bbox 140 2898 1347 2980">
    <p class='ocr_par' dir='ltr' id='par_1_6' title="bbox 140 2898 1347 2980">
     <span class='ocr_line' id='line_1_30' title="bbox 140 2898 1347 2980; baseline 0.002 -14"><span class='ocrx_word' id='word_1_223' title='bbox 140 2901 244 2966; x_wconf 83' lang='lat' dir='ltr'>riores</span> <span class='ocrx_word' id='word_1_224' title='bbox 264 2898 336 2966; x_wconf 90' lang='lat' dir='ltr'>illae</span> <span class='ocrx_word' id='word_1_225' title='bbox 352 2899 557 2968; x_wconf 77' lang='lat' dir='ltr'>dissentiones</span> <span class='ocrx_word' id='word_1_226' title='bbox 578 2899 615 2964; x_wconf 95' lang='lat' dir='ltr'>ad</span> <span class='ocrx_word' id='word_1_227' title='bbox 638 2899 891 2966; x_wconf 89' lang='lat' dir='ltr'>commutandam</span> <span class='ocrx_word' id='word_1_228' title='bbox 910 2915 1059 2978; x_wconf 87' lang='lat' dir='ltr'>tantum,</span> <span class='ocrx_word' id='word_1_229' title='bbox 1089 2899 1167 2968; x_wconf 85' lang='lat' dir='ltr'>hacc</span> <span class='ocrx_word' id='word_1_230' title='bbox 1287 2975 1289 2980; x_wconf 64' lang='lat'>,</span> <span class='ocrx_word' id='word_1_231' title='bbox 1343 2949 1347 2952; x_wconf 92' lang='lat'>-</span> 
     </span>
    </p>
   </div>
   <div class='ocr_carea' id='block_1_6' title="bbox 126 2982 1170 4156">
    <p class='ocr_par' dir='ltr' id='par_1_7' title="bbox 135 2982 1170 3308">
     <span class='ocr_line' id='line_1_31' title="bbox 139 2982 1170 3081; baseline -0.002 -27"><span class='ocrx_word' id='word_1_232' title='bbox 139 2985 322 3081; x_wconf 82' lang='lat' dir='ltr'>conjuratio</span> <span class='ocrx_word' id='word_1_233' title='bbox 344 2985 383 3052; x_wconf 89' lang='lat' dir='ltr'>ad</span> <span class='ocrx_word' id='word_1_234' title='bbox 401 2983 654 3067; x_wconf 76' lang='lat' dir='ltr'>exstinguendam</span> <span class='ocrx_word' id='word_1_235' title='bbox 672 2999 771 3068; x_wconf 92' lang='lat' dir='ltr'>remp.</span> <span class='ocrx_word' id='word_1_236' title='bbox 801 2983 989 3067; x_wconf 81' lang='lat' dir='ltr'>pertinebat.</span> <span class='ocrx_word' id='word_1_237' title='bbox 1022 2982 1100 3050; x_wconf 89' lang='lat' dir='ltr'>illae</span> <span class='ocrx_word' id='word_1_238' title='bbox 1123 2987 1170 3052; x_wconf 90' lang='lat' dir='ltr'>di·</span> 
     </span>
     <span class='ocr_line' id='line_1_32' title="bbox 137 3067 1167 3156; baseline 0.002 -20"><span class='ocrx_word' id='word_1_239' title='bbox 137 3070 301 3156; x_wconf 77' lang='lat' dir='ltr'>judicatae</span> <span class='ocrx_word' id='word_1_240' title='bbox 320 3067 390 3137; x_wconf 89' lang='lat' dir='ltr'>sunt</span> <span class='ocrx_word' id='word_1_241' title='bbox 406 3087 469 3138; x_wconf 89' lang='lat' dir='ltr'>nou</span> <span class='ocrx_word' id='word_1_242' title='bbox 488 3067 748 3154; x_wconf 73' lang='lat' dir='ltr'>reconciliatione</span> <span class='ocrx_word' id='word_1_243' title='bbox 770 3067 981 3148; x_wconf 85' lang='lat' dir='ltr'>concordiae,</span> <span class='ocrx_word' id='word_1_244' title='bbox 1003 3067 1058 3135; x_wconf 90' lang='lat' dir='ltr'>sed</span> <span class='ocrx_word' id='word_1_245' title='bbox 1074 3071 1167 3138; x_wconf 89' lang='lat' dir='ltr'>inter·</span> 
     </span>
     <span class='ocr_line' id='line_1_33' title="bbox 141 3151 1169 3241; baseline 0 -18"><span class='ocrx_word' id='word_1_246' title='bbox 141 3155 282 3223; x_wconf 87' lang='lat' dir='ltr'>necione</span> <span class='ocrx_word' id='word_1_247' title='bbox 297 3155 434 3222; x_wconf 83' lang='lat' dir='ltr'>civiumt</span> <span class='ocrx_word' id='word_1_248' title='bbox 456 3153 535 3221; x_wconf 89' lang='lat' dir='ltr'>haec</span> <span class='ocrx_word' id='word_1_249' title='bbox 547 3152 695 3238; x_wconf 85' lang='lat' dir='ltr'>oppressa</span> <span class='ocrx_word' id='word_1_250' title='bbox 707 3151 770 3233; x_wconf 89' lang='lat' dir='ltr'>est,</span> <span class='ocrx_word' id='word_1_251' title='bbox 791 3151 875 3220; x_wconf 87' lang='lat' dir='ltr'>salva</span> <span class='ocrx_word' id='word_1_252' title='bbox 898 3153 974 3220; x_wconf 89' lang='lat' dir='ltr'>urbe</span> <span class='ocrx_word' id='word_1_253' title='bbox 982 3200 994 3235; x_wconf 88' lang='lat'>,</span> <span class='ocrx_word' id='word_1_254' title='bbox 1013 3153 1169 3241; x_wconf 82' lang='lat' dir='ltr'>salvisque</span> 
     </span>
     <span class='ocr_line' id='line_1_34' title="bbox 135 3239 408 3308; baseline -0.007 -2"><span class='ocrx_word' id='word_1_255' title='bbox 135 3239 286 3308; x_wconf 84' lang='lat' dir='ltr'>omnibus</span> <span class='ocrx_word' id='word_1_256' title='bbox 304 3239 408 3308; x_wconf 90' lang='lat' dir='ltr'>bonis.</span> 
     </span>
    </p>

    <p class='ocr_par' dir='ltr' id='par_1_8' title="bbox 132 3319 1170 3915">
     <span class='ocr_line' id='line_1_35' title="bbox 188 3319 1169 3416; baseline 0 -25"><span class='ocrx_word' id='word_1_257' title='bbox 188 3325 310 3416; x_wconf 77' lang='lat' dir='ltr'>Qpilus</span> <span class='ocrx_word' id='word_1_258' title='bbox 327 3337 382 3406; x_wconf 81' lang='lat' dir='ltr'>pro</span> <span class='ocrx_word' id='word_1_259' title='bbox 399 3325 495 3398; x_wconf 80' lang='lat' dir='ltr'>tontis</span> <span class='ocrx_word' id='word_1_260' title='bbox 512 3321 617 3408; x_wconf 81' lang='lat' dir='ltr'>relus]</span> <span class='ocrx_word' id='word_1_261' title='bbox 640 3319 732 3389; x_wconf 87' lang='lat' dir='ltr'>Haec</span> <span class='ocrx_word' id='word_1_262' title='bbox 746 3319 983 3405; x_wconf 61' lang='lat' dir='ltr'>perorationi,</span> <span class='ocrx_word' id='word_1_263' title='bbox 1004 3341 1065 3408; x_wconf 90' lang='lat' dir='ltr'>qna</span> <span class='ocrx_word' id='word_1_264' title='bbox 1080 3324 1169 3392; x_wconf 84' lang='lat' dir='ltr'>cives</span> 
     </span>
     <span class='ocr_line' id='line_1_36' title="bbox 144 3403 1168 3491; baseline -0.001 -16"><span class='ocrx_word' id='word_1_265' title='bbox 144 3425 239 3491; x_wconf 82' lang='lat' dir='ltr'>orat,</span> <span class='ocrx_word' id='word_1_266' title='bbox 256 3427 300 3489; x_wconf 89' lang='lat' dir='ltr'>pe</span> <span class='ocrx_word' id='word_1_267' title='bbox 315 3407 405 3491; x_wconf 87' lang='lat' dir='ltr'>hujus</span> <span class='ocrx_word' id='word_1_268' title='bbox 418 3406 567 3474; x_wconf 90' lang='lat' dir='ltr'>beneficii</span> <span class='ocrx_word' id='word_1_269' title='bbox 583 3407 765 3474; x_wconf 88' lang='lat' dir='ltr'>memoriam</span> <span class='ocrx_word' id='word_1_270' title='bbox 780 3425 819 3472; x_wconf 80' lang='lat' dir='ltr'>et</span> <span class='ocrx_word' id='word_1_271' title='bbox 837 3407 947 3472; x_wconf 90' lang='lat' dir='ltr'>animis</span> <span class='ocrx_word' id='word_1_272' title='bbox 959 3403 1020 3472; x_wconf 91' lang='lat' dir='ltr'>suis</span> <span class='ocrx_word' id='word_1_273' title='bbox 1035 3407 1168 3474; x_wconf 85' lang='lat' dir='ltr'>effluere</span> 
     </span>
     <span class='ocr_line' id='line_1_37' title="bbox 133 3489 1170 3582; baseline 0.002 -22"><span class='ocrx_word' id='word_1_274' title='bbox 133 3495 328 3582; x_wconf 81' lang='lat' dir='ltr'>patiantur:</span> <span class='ocrx_word' id='word_1_275' title='bbox 358 3491 479 3560; x_wconf 86' lang='lat' dir='ltr'>nullum</span> <span class='ocrx_word' id='word_1_276' title='bbox 506 3489 540 3557; x_wconf 89' lang='lat' dir='ltr'>se</span> <span class='ocrx_word' id='word_1_277' title='bbox 559 3491 641 3558; x_wconf 91' lang='lat' dir='ltr'>aliud</span> <span class='ocrx_word' id='word_1_278' title='bbox 663 3490 702 3558; x_wconf 91' lang='lat' dir='ltr'>ab</span> <span class='ocrx_word' id='word_1_279' title='bbox 734 3490 780 3556; x_wconf 88' lang='lat' dir='ltr'>eis</span> <span class='ocrx_word' id='word_1_280' title='bbox 805 3491 978 3573; x_wconf 91' lang='lat' dir='ltr'>praemium</span> <span class='ocrx_word' id='word_1_281' title='bbox 1000 3489 1170 3576; x_wconf 85' lang='lat' dir='ltr'>postulare.</span> 
     </span>
     <span class='ocr_line' id='line_1_38' title="bbox 136 3573 1163 3663; baseline 0.001 -19"><span class='ocrx_word' id='word_1_282' title='bbox 136 3579 278 3659; x_wconf 82' lang='lat' dir='ltr'>deinde,</span> <span class='ocrx_word' id='word_1_283' title='bbox 299 3577 384 3663; x_wconf 84' lang='lat' dir='ltr'>quast</span> <span class='ocrx_word' id='word_1_284' title='bbox 396 3579 460 3662; x_wconf 79' lang='lat' dir='ltr'>lam</span> <span class='ocrx_word' id='word_1_285' title='bbox 481 3592 549 3642; x_wconf 89' lang='lat' dir='ltr'>tum</span> <span class='ocrx_word' id='word_1_286' title='bbox 564 3573 759 3662; x_wconf 88' lang='lat' dir='ltr'>prospiciens</span> <span class='ocrx_word' id='word_1_287' title='bbox 782 3592 833 3640; x_wconf 89' lang='lat' dir='ltr'>eas</span> <span class='ocrx_word' id='word_1_288' title='bbox 849 3575 1062 3643; x_wconf 85' lang='lat' dir='ltr'>calamitatum</span> <span class='ocrx_word' id='word_1_289' title='bbox 1086 3593 1163 3645; x_wconf 91' lang='lat' dir='ltr'>tem·</span> 
     </span>
     <span class='ocr_line' id='line_1_39' title="bbox 135 3657 1169 3762; baseline -0.001 -32"><span class='ocrx_word' id='word_1_290' title='bbox 135 3661 277 3752; x_wconf 84' lang='lat' dir='ltr'>pellaces</span> <span class='ocrx_word' id='word_1_291' title='bbox 288 3709 302 3762; x_wconf 44' lang='grc' dir='ltr'>ξ</span> <span class='ocrx_word' id='word_1_292' title='bbox 320 3662 433 3744; x_wconf 83' lang='lat' dir='ltr'>quibua</span> <span class='ocrx_word' id='word_1_293' title='bbox 452 3657 519 3746; x_wconf 89' lang='lat' dir='ltr'>ipse</span> <span class='ocrx_word' id='word_1_294' title='bbox 531 3659 639 3746; x_wconf 85' lang='lat' dir='ltr'>postea</span> <span class='ocrx_word' id='word_1_295' title='bbox 657 3659 792 3742; x_wconf 67' lang='lat' dir='ltr'>indatus</span> <span class='ocrx_word' id='word_1_296' title='bbox 813 3657 880 3743; x_wconf 87' lang='lat' dir='ltr'>est,</span> <span class='ocrx_word' id='word_1_297' title='bbox 900 3660 1102 3727; x_wconf 88' lang='lat' dir='ltr'>commendat</span> <span class='ocrx_word' id='word_1_298' title='bbox 1113 3681 1169 3729; x_wconf 89' lang='lat' dir='ltr'>eo·</span> 
     </span>
     <span class='ocr_line' id='line_1_40' title="bbox 133 3743 1165 3828; baseline -0.002 -12"><span class='ocrx_word' id='word_1_299' title='bbox 133 3767 211 3816; x_wconf 86' lang='lat' dir='ltr'>rum</span> <span class='ocrx_word' id='word_1_300' title='bbox 227 3747 302 3816; x_wconf 87' lang='lat' dir='ltr'>fider</span> <span class='ocrx_word' id='word_1_301' title='bbox 319 3747 451 3816; x_wconf 88' lang='lat' dir='ltr'>salutem</span> <span class='ocrx_word' id='word_1_302' title='bbox 463 3745 560 3814; x_wconf 87' lang='lat' dir='ltr'>suam.</span> <span class='ocrx_word' id='word_1_303' title='bbox 581 3745 618 3810; x_wconf 87' lang='lat' dir='ltr'>ad</span> <span class='ocrx_word' id='word_1_304' title='bbox 633 3760 810 3812; x_wconf 86' lang='lat' dir='ltr'>extremum</span> <span class='ocrx_word' id='word_1_305' title='bbox 833 3745 1023 3827; x_wconf 87' lang='lat' dir='ltr'>confirmat,</span> <span class='ocrx_word' id='word_1_306' title='bbox 1041 3743 1075 3811; x_wconf 90' lang='lat' dir='ltr'>se</span> <span class='ocrx_word' id='word_1_307' title='bbox 1090 3765 1165 3828; x_wconf 85' lang='lat' dir='ltr'>qua·</span> 
     </span>
     <span class='ocr_line' id='line_1_41' title="bbox 132 3828 1167 3915; baseline -0.006 -11"><span class='ocrx_word' id='word_1_308' title='bbox 132 3835 177 3904; x_wconf 89' lang='lat' dir='ltr'>lis</span> <span class='ocrx_word' id='word_1_309' title='bbox 196 3828 433 3910; x_wconf 89' lang='lat' dir='ltr'>fueritconsnl‚</span> <span class='ocrx_word' id='word_1_310' title='bbox 452 3832 544 3898; x_wconf 90' lang='lat' dir='ltr'>talem</span> <span class='ocrx_word' id='word_1_311' title='bbox 562 3829 657 3896; x_wconf 88' lang='lat' dir='ltr'>etiam</span> <span class='ocrx_word' id='word_1_312' title='bbox 713 3829 1167 3915; x_wconf 85' lang='lat' dir='ltr'>ivatumintuendarep.forc.</span> 
     </span>
    </p>

    <p class='ocr_par' dir='ltr' id='par_1_9' title="bbox 126 3911 1169 4156">
     <span class='ocr_line' id='line_1_42' title="bbox 180 3911 1168 4003; baseline -0.001 -19"><span class='ocrx_word' id='word_1_313' title='bbox 180 3917 377 4003; x_wconf 60' lang='lat' dir='ltr'>&amp;ullamque</span> <span class='ocrx_word' id='word_1_314' title='bbox 394 3917 474 3984; x_wconf 81' lang='lat' dir='ltr'>diens</span> <span class='ocrx_word' id='word_1_315' title='bbox 489 3913 646 4002; x_wconf 81' lang='lat' dir='ltr'>intelligo]</span> <span class='ocrx_word' id='word_1_316' title='bbox 708 3918 752 3978; x_wconf 87' lang='lat' dir='ltr'>its</span> <span class='ocrx_word' id='word_1_317' title='bbox 772 3912 824 3980; x_wconf 91' lang='lat' dir='ltr'>hic</span> <span class='ocrx_word' id='word_1_318' title='bbox 845 3913 930 3983; x_wconf 83' lang='lat' dir='ltr'>idem</span> <span class='ocrx_word' id='word_1_319' title='bbox 946 3911 1058 3996; x_wconf 87' lang='lat' dir='ltr'>valet,</span> <span class='ocrx_word' id='word_1_320' title='bbox 1079 3917 1168 4001; x_wconf 85' lang='lat' dir='ltr'>quod</span> 
     </span>
     <span class='ocr_line' id='line_1_43' title="bbox 126 3997 1169 4156; baseline -0.006 -82"><span class='ocrx_word' id='word_1_321' title='bbox 126 4020 280 4093; x_wconf 78' lang='lat' dir='ltr'>ternpus:</span> <span class='ocrx_word' id='word_1_322' title='bbox 303 4017 340 4072; x_wconf 88' lang='lat' dir='ltr'>ut</span> <span class='ocrx_word' id='word_1_323' title='bbox 362 4002 392 4072; x_wconf 89' lang='lat' dir='ltr'>in</span> <span class='ocrx_word' id='word_1_324' title='bbox 419 4000 647 4082; x_wconf 85' lang='lat' dir='ltr'>Divinatione,</span> <span class='ocrx_word' id='word_1_325' title='bbox 677 3997 767 4156; x_wconf 46' lang='lat' dir='ltr'>liguo</span> <span class='ocrx_word' id='word_1_326' title='bbox 782 4001 948 4070; x_wconf 77' lang='lat' dir='ltr'>breuiorem</span> <span class='ocrx_word' id='word_1_327' title='bbox 967 4001 1057 4070; x_wconf 76' lang='lat' dir='ltr'>alem</span> <span class='ocrx_word' id='word_1_328' title='bbox 1080 3999 1169 4086; x_wconf 86' lang='lat' dir='ltr'>quod</span> 
     </span>
    </p>
   </div>
   <div class='ocr_carea' id='block_1_7' title="bbox 0 0 1406 4920">
    <p class='ocr_par' dir='ltr' id='par_1_10' title="bbox 0 0 1406 4920">
     <span class='ocr_line' id='line_1_44' title="bbox 0 0 1406 4920; baseline 0 0"><span class='ocrx_word' id='word_1_329' title='bbox 0 0 1406 4920; x_wconf 95' lang='lat' dir='ltr'> </span> 
     </span>
    </p>
   </div>
  </div>
 </body>
</html>
