2800 4892
278 305 365 404 ιω,
485 287 538 358 Μ.
614 277 656 346 A.
739 275 1147 352 Muaerr'

277 445 431 527 sanias-in
453 439 578 516 Atticis.
625 439 756 507 Peiiura
775 437 957 526 tristitiae]
979 437 1128 514 mallem.
1149 441 1330 524 Ιωείιίαε,

282 543 303 613 fi
320 535 447 616 alicujus
459 527 578 612 antiqui
599 522 721 596 co'dicis
734 525 902 594 accederet
918 523 1102 592 autionras.
1148 523 1214 592 Sed
1234 534 1329 597 varri
1365 527 1366 600 ἶ

275 621 408 715 florea]
429 613 566 706 ostendit
582 609 696 678 Osirim
714 610 847 677 eundem
867 609 934 676 esse
951 607 1174 678 &Bacchum
1366 618 1367 698 i

388 787 1200 892 rsauuurnmvun

322 961 395 1030 Non
414 975 470 1042 ego
491 953 588 1017 ctiori
608 949 622 1036 ]
653 949 695 1016 ita
721 949 927 1018 exercitatum
951 967 989 1013 ac
1012 947 1124 1018 tritum
1144 945 1232 1018 dicit
1254 953 1326 1017 rasse

276 1049 317 1118 se*
333 1048 363 1112 in
382 1042 476 1110 rebus
491 1036 673 1115 amatoriis,
696 1049 731 1098 ut
751 1033 801 1100 uel
818 1054 855 1102 ex
871 1031 1001 1101 nutibus
1018 1031 1116 1100 facile
1132 1036 1325 1122 intelligat,

279 1131 429 1220 quasique
452 1136 639 1208 auguratur,
660 1119 731 1203 quis
755 1118 937 1186 adolescens
952 1118 1042 1200 cujus
1060 1121 1188 1208 puellae
1202 1137 1322 1186 amore

279 1219 405 1286 ardeat:
457 1225 530 1274 uare
551 1223 615 1270 non
646 1201 731 1280 esse,
760 1221 816 1269 cur
837 1220 978 1268 amorem
1002 1199 1090 1288 suurn
1112 1205 1322 1272 abscondere

278 1306 397 1372 nitatur
460 1289 597 1358 arathus:
629 1285 661 1352 se
683 1287 765 1353 enirn
790 1285 886 1354 facile
901 1283 1102 1372 perspicere,
1125 1309 1202 1355 eum
1225 1291 1320 1355 miri·

281 1389 346 1458 fico
365 1378 501 1467 quodam
518 1373 663 1442 ‚Pholoes
680 1391 788 1436 arnore
812 1371 965 1454 torqueri.
1006 1367 1107 1440 Hunc
1122 1373 1320 1442 Marathum

280 1469 403 1542 amabat
421 1459 586 1536 Tibullus:
609 1475 644 1522 ut
660 1455 767 1523 versus
782 1453 838 1522 iiie
849 1453 991 1535 indicat,

362 1589 451 1662 Eitea
475 1605 563 1671 aarum
586 1579 757 1648 urararius
779 1579 857 1644 lento
881 1593 926 1644 me
949 1589 1070 1664 tuque:
1092 1597 1210 1648 amore.

280 1723 334 1793 sed
360 1711 491 1783 cousus
516 1725 582 1774 erat
602 1705 731 1792 aspero,
759 1723 798 1773 ac
819 1703 957 1774 difficili.
986 1707 1045 1774 hac
1068 1708 1166 1793 igitur
1193 1709 1319 1796 atqie,

286 1806 404 1881 credo,
427 1811 462 1863 ut
484 1794 663 1860 velificetur
682 1789 762 1872 fibi,
790 1809 828 1856 ae
841 1810 973 1874 puerum
989 1787 1090 1877 ipsum
1108 1793 1175 1860 hoc
1190 1813 1320 1877 genere

285 1883 427 1971 obsequii
445 1879 586 1958 molliat,
608 1875 753 1941 hortatur
770 1875 931 1955 Pholoen,
954 1891 990 1942 ut
1014 1877 1042 1941 ei
1056 1896 1177 1961 parcat,
1201 1899 1320 1963 neque

282 1993 344 2044 tarn
364 1965 498 2053 pulchro
517 1979 617 2048 puero
638 1975 811 2036 amatorem
836 1961 960 2040 ullum,
1012 1961 1126 2028 uamvis
1147 1961 1319 2044 divitem,

286 2049 539 2140 anteponendum
559 2059 662 2130 putet.
708 2043 784 2114 Non
801 2063 854 2132 ego
878 1979 1013 2134 calari}
1034 2045 1112 2114 idem
1127 2045 1168 2114 de
1183 2045 1218 2113 se
1232 2065 1320 2134 pro·

286 2143 396 2213 fitetur
415 2131 617 2220 Propertius:

330 2279 407 2352 Nan
428 2291 473 2340 ure
499 2271 654 2339 Chaoniae
676 2269 802 2334 vincant
822 2267 856 2334 in
877 2285 977 2333 omae
999 2267 1153 2333 columboe

372 2363 509 2440 Dicere,
553 2373 604 2424 uos
621 2357 748 2442 juvenes
769 2369 905 2438 quaeque
922 2351 1030 2438 pueiio
1050 2353 1158 2418 damen

326 2446 385 2520 Me
408 2443 493 2510 dolor
576 2441 728 2523 iacrymas
750 2441 857 2502 merito
872 2433 977 2518 fecere
996 2441 1150 2522 paritum.

371 2531 477 2616 Atque
498 2528 617 2592 utinum
636 2519 730 2608 pefito
750 2521 838 2588 dicar
860 2539 960 2588 amore
981 2521 1081 2590 nelis.

282 2646 289 2667 ’
332 2657 405 2732 Nar
428 2646 590 2734 milrisunt
607 2641 739 2732 sorren]
764 2640 919 2710 Ovidius:

176 2765 180 2774 ’
240 2780 253 2804 ⁰
335 2783 411 2853 Non
427 2793 482 2860 ego
506 2769 624 2836 Piraei:
647 2767 736 2832 dotus
756 2784 775 2831 o
797 2778 826 2831 te
848 2766 928 2832 miii
948 2771 1079 2835 mentior
1101 2781 1217 2840 artes:

374 2863 441 2932 Nec
463 2875 516 2923 nos
539 2857 642 2920 atriae
663 2869 732 2918 voce
755 2869 907 2918 monemur
929 2855 1008 2918 uuis.

293 2997 322 3068 ir
344 2987 441 3080 paulo
463 2977 556 3068 post,

376 3105 459 3197 Usus
480 3117 552 3190 opus
572 3111 668 3164 motui
690 3097 754 3164 huc.

338 3233 425 3332 Quid
449 3220 773 3306 attaminatione]
814 3221 892 3288 naec
913 3223 1042 3291 videtur
1067 3223 1156 3294 hisce
1180 3229 1320 3300 verubus

297 3318 422 3396 subesse
446 3311 609 3381 sententia.
628 3391 635 3405 ι
651 3306 737 3404 Quid
765 3303 820 3380 tibi
841 3307 989 3392 prodest,
1016 3329 1039 3376 o
1060 3309 1240 3396 Marathe,
1259 3333 1322 3384 tau·

295 3428 363 3480 turn
385 3399 518 3472 studium
548 3389 685 3477 posuisse
709 3411 741 3458 in
769 3388 871 3458 forma
894 3393 1089 3476 excolendo3
1121 3413 1161 3464 ut
1180 3397 1321 3468 Pholoen

299 3495 344 3566 tui
358 3503 465 3556 amore
475 3477 682 3548 incenderes?
694 3491 805 3543 contra
821 3477 1048 3548 enimcecidit.
1068 3499 1176 3560 oeque
1190 3483 1248 3552 iiia
1260 3486 1321 3566 tui,

300 3578 354 3648 sed
373 3591 409 3640 tu
431 3565 524 3656 ipsius
545 3579 653 3630 amore
673 3577 837 3660 correptus
861 3581 915 3632 es.
946 3573 1054 3648 itaque
1076 3563 1142 3650 ipsa
1157 3567 1225 3649 jam
1247 3569 1322 3649 ubi,

297 3665 390 3734 etiarn
414 3653 436 3724 sr
458 3653 638 3732 incompto,
665 3660 761 3730 atque
788 3663 931 3714 inornata
954 3647 1097 3732 vetrerit,
1127 3653 1249 3736 piacet.
1287 3653 1322 3724 Si

300 3769 361 3820 :ron
383 3757 457 3809 atra
479 3729 599 3822 repulsu
616 3727 763 3815 fiuent]
800 3730 879 3798 aeris
900 3726 982 3799 enim
1010 3733 1127 3802 tinnitu
1150 3737 1321 3806 credebant

299 3833 388 3912 ficri,
408 3841 443 3892 ut
457 3840 498 3889 ne
513 3819 705 3904 magicorum
728 3815 899 3883 carminum
914 3817 1009 3885 sonus
1023 3819 1064 3890 ad
1083 3818 1190 3892 lunam
1209 3842 1321 3911 perva-

302 3923 403 3990 niret:
435 3923 584 3990 eamque,
613 3899 677 3968 hoc
697 3897 815 4000 modo,
843 3899 1038 3972 laborantem
1059 3903 1211 3986 adiuvari.
1263 3905 1319 3976 Sd

296 4018 401 4090 eorpus
427 3985 602 4082 tetigisse]
633 3999 758 4072 pontus
786 3986 882 4072 ruitur
903 4003 940 4055 aa
961 3989 1026 4074 iam
1045 4003 1110 4058 erat
1132 3991 1318 4144 niarathffi
