<?xml version="1.0" encoding="UTF-8"?>
<!DOCTYPE html PUBLIC "-//W3C//DTD XHTML 1.0 Transitional//EN"
    "http://www.w3.org/TR/xhtml1/DTD/xhtml1-transitional.dtd">
<html xmlns="http://www.w3.org/1999/xhtml" xml:lang="en" lang="en">
 <head>
  <title>
</title>
<meta http-equiv="Content-Type" content="text/html;charset=utf-8" />
  <meta name='ocr-system' content='tesseract 3.04.00' />
  <meta name='ocr-capabilities' content='ocr_page ocr_carea ocr_par ocr_line ocrx_word'/>
</head>
<body>
  <div class='ocr_page' id='page_1' title='image "./mantoniimuretio01thomgoog_0700.png"; bbox 0 0 2782 4916; ppageno 0'>
   <div class='ocr_carea' id='block_1_1' title="bbox 276 363 1096 456">
    <p class='ocr_par' dir='ltr' id='par_1_1' title="bbox 276 363 1096 456">
     <span class='ocr_line' id='line_1_1' title="bbox 276 363 1096 456; baseline -0.01 -10"><span class='ocrx_word' id='word_1_1' title='bbox 276 380 341 456; x_wconf 65' lang='grc' dir='ltr'><strong>σω</strong></span> <span class='ocrx_word' id='word_1_2' title='bbox 492 369 663 441; x_wconf 83' lang='grc' dir='ltr'><strong>Μ.Ἀ.</strong></span> <span class='ocrx_word' id='word_1_3' title='bbox 742 363 1096 439; x_wconf 75' lang='lat' dir='ltr'><strong>Musr&#39;rr</strong></span> 
     </span>
    </p>
   </div>
   <div class='ocr_carea' id='block_1_2' title="bbox 174 524 1305 1187">
    <p class='ocr_par' dir='ltr' id='par_1_2' title="bbox 174 524 1305 1187">
     <span class='ocr_line' id='line_1_2' title="bbox 174 524 1305 614; baseline -0.01 -8"><span class='ocrx_word' id='word_1_4' title='bbox 174 597 177 606; x_wconf 94' lang='grc'><em>.</em></span> <span class='ocrx_word' id='word_1_5' title='bbox 274 532 359 602; x_wconf 82' lang='lat' dir='ltr'><strong>&#39;natu</strong></span> <span class='ocrx_word' id='word_1_6' title='bbox 379 530 524 612; x_wconf 78' lang='lat' dir='ltr'><strong>majorem</strong></span> <span class='ocrx_word' id='word_1_7' title='bbox 546 524 737 596; x_wconf 80' lang='lat' dir='ltr'>Aeschinum</span> <span class='ocrx_word' id='word_1_8' title='bbox 758 527 814 596; x_wconf 87' lang='lat' dir='ltr'><strong>fibi</strong></span> <span class='ocrx_word' id='word_1_9' title='bbox 835 527 997 612; x_wconf 87' lang='lat' dir='ltr'><strong>adoptavit</strong></span> <span class='ocrx_word' id='word_1_10' title='bbox 1021 526 1144 608; x_wconf 88' lang='lat' dir='ltr'><strong>Mitlo,</strong></span> <span class='ocrx_word' id='word_1_11' title='bbox 1173 545 1305 614; x_wconf 78' lang='lat' dir='ltr'><strong>eumque</strong></span> 
     </span>
     <span class='ocr_line' id='line_1_3' title="bbox 188 611 1301 699; baseline -0.005 -13"><span class='ocrx_word' id='word_1_12' title='bbox 188 629 192 636; x_wconf 84' lang='grc'><em>“</em></span> <span class='ocrx_word' id='word_1_13' title='bbox 286 619 391 686; x_wconf 87' lang='lat' dir='ltr'><strong>secum</strong></span> <span class='ocrx_word' id='word_1_14' title='bbox 406 618 436 682; x_wconf 89' lang='lat' dir='ltr'><strong>in</strong></span> <span class='ocrx_word' id='word_1_15' title='bbox 454 615 532 678; x_wconf 89' lang='lat' dir='ltr'><strong>urbe</strong></span> <span class='ocrx_word' id='word_1_16' title='bbox 543 611 776 694; x_wconf 87' lang='lat' dir='ltr'><strong>liberalissime,</strong></span> <span class='ocrx_word' id='word_1_17' title='bbox 795 611 1301 699; x_wconf 84' lang='lat' dir='ltr'><strong>indulgentissimequeeducavit:</strong></span> 
     </span>
     <span class='ocr_line' id='line_1_4' title="bbox 290 695 1299 783; baseline -0.004 -15"><span class='ocrx_word' id='word_1_18' title='bbox 290 704 440 768; x_wconf 79' lang='lat' dir='ltr'>minorem</span> <span class='ocrx_word' id='word_1_19' title='bbox 468 697 695 783; x_wconf 80' lang='lat' dir='ltr'><strong>Ctesiphonem</strong></span> <span class='ocrx_word' id='word_1_20' title='bbox 719 697 782 763; x_wconf 93' lang='lat' dir='ltr'><strong>ruri</strong></span> <span class='ocrx_word' id='word_1_21' title='bbox 807 695 911 762; x_wconf 85' lang='lat' dir='ltr'><strong>sotum</strong></span> <span class='ocrx_word' id='word_1_22' title='bbox 938 695 1050 762; x_wconf 86' lang='lat' dir='ltr'><strong>severe</strong></span> <span class='ocrx_word' id='word_1_23' title='bbox 1072 698 1245 782; x_wconf 85' lang='lat' dir='ltr'><strong>inprimis,</strong></span> <span class='ocrx_word' id='word_1_24' title='bbox 1264 717 1299 764; x_wconf 87' lang='lat' dir='ltr'><strong>ac</strong></span> 
     </span>
     <span class='ocr_line' id='line_1_5' title="bbox 285 779 1297 868; baseline -0.005 -15"><span class='ocrx_word' id='word_1_25' title='bbox 285 785 424 854; x_wconf 76' lang='lat' dir='ltr'><strong>retinete</strong></span> <span class='ocrx_word' id='word_1_26' title='bbox 436 782 545 847; x_wconf 89' lang='lat' dir='ltr'><strong>habuit</strong></span> <span class='ocrx_word' id='word_1_27' title='bbox 562 799 660 866; x_wconf 89' lang='lat' dir='ltr'><strong>pater.</strong></span> <span class='ocrx_word' id='word_1_28' title='bbox 705 779 876 847; x_wconf 80' lang='lat' dir='ltr'><strong>Aeschinus</strong></span> <span class='ocrx_word' id='word_1_29' title='bbox 893 783 1006 848; x_wconf 84' lang='lat' dir='ltr'><strong>multas</strong></span> <span class='ocrx_word' id='word_1_30' title='bbox 1020 783 1229 865; x_wconf 83' lang='lat' dir='ltr'><strong>meretrices,</strong></span> <span class='ocrx_word' id='word_1_31' title='bbox 1249 802 1297 868; x_wconf 85' lang='lat' dir='ltr'><strong>pa·</strong></span> 
     </span>
     <span class='ocr_line' id='line_1_6' title="bbox 278 865 1301 948; baseline -0.003 -13"><span class='ocrx_word' id='word_1_32' title='bbox 278 887 335 948; x_wconf 70' lang='lat' dir='ltr'><strong>‘tre</strong></span> <span class='ocrx_word' id='word_1_33' title='bbox 356 869 394 934; x_wconf 90' lang='lat' dir='ltr'><strong>ad</strong></span> <span class='ocrx_word' id='word_1_34' title='bbox 415 866 520 933; x_wconf 91' lang='lat' dir='ltr'><strong>omnia</strong></span> <span class='ocrx_word' id='word_1_35' title='bbox 538 867 752 944; x_wconf 84' lang='lat' dir='ltr'><strong>connivente,</strong></span> <span class='ocrx_word' id='word_1_36' title='bbox 771 865 946 942; x_wconf 81' lang='lat' dir='ltr'><strong>adamavit3</strong></span> <span class='ocrx_word' id='word_1_37' title='bbox 967 865 1064 932; x_wconf 87' lang='lat' dir='ltr'><strong>multa</strong></span> <span class='ocrx_word' id='word_1_38' title='bbox 1081 869 1239 934; x_wconf 83' lang='lat' dir='ltr'><strong>convivia</strong></span> <span class='ocrx_word' id='word_1_39' title='bbox 1251 887 1301 932; x_wconf 90' lang='lat' dir='ltr'><strong>ce·</strong></span> 
     </span>
     <span class='ocr_line' id='line_1_7' title="bbox 282 947 1299 1034; baseline -0.002 -14"><span class='ocrx_word' id='word_1_40' title='bbox 282 953 443 1032; x_wconf 65' lang='lat' dir='ltr'><strong>lebravit}</strong></span> <span class='ocrx_word' id='word_1_41' title='bbox 458 967 539 1034; x_wconf 87' lang='lat' dir='ltr'><strong>quae</strong></span> <span class='ocrx_word' id='word_1_42' title='bbox 557 952 692 1034; x_wconf 87' lang='lat' dir='ltr'><strong>denique</strong></span> <span class='ocrx_word' id='word_1_43' title='bbox 707 949 859 1031; x_wconf 79' lang='lat' dir='ltr'><strong>juventus</strong></span> <span class='ocrx_word' id='word_1_44' title='bbox 880 947 967 1031; x_wconf 89' lang='lat' dir='ltr'><strong>fert,</strong></span> <span class='ocrx_word' id='word_1_45' title='bbox 992 968 1030 1015; x_wconf 88' lang='lat' dir='ltr'><strong>ea</strong></span> <span class='ocrx_word' id='word_1_46' title='bbox 1052 953 1160 1018; x_wconf 89' lang='lat' dir='ltr'><strong>omnia</strong></span> <span class='ocrx_word' id='word_1_47' title='bbox 1184 952 1299 1021; x_wconf 85' lang='lat' dir='ltr'><strong>nonii·</strong></span> 
     </span>
     <span class='ocr_line' id='line_1_8' title="bbox 286 1033 1299 1187; baseline -0.005 -82"><span class='ocrx_word' id='word_1_48' title='bbox 286 1041 366 1106; x_wconf 88' lang='lat' dir='ltr'><strong>bere</strong></span> <span class='ocrx_word' id='word_1_49' title='bbox 383 1036 498 1114; x_wconf 92' lang='lat' dir='ltr'><strong>modo,</strong></span> <span class='ocrx_word' id='word_1_50' title='bbox 521 1033 571 1101; x_wconf 88' lang='lat' dir='ltr'><strong>sed</strong></span> <span class='ocrx_word' id='word_1_51' title='bbox 591 1037 684 1102; x_wconf 87' lang='lat' dir='ltr'><strong>etiam</strong></span> <span class='ocrx_word' id='word_1_52' title='bbox 700 1036 831 1112; x_wconf 89' lang='lat' dir='ltr'><strong>licenter</strong></span> <span class='ocrx_word' id='word_1_53' title='bbox 843 1034 1004 1100; x_wconf 70' lang='lat' dir='ltr'><strong>monuit.</strong></span> <span class='ocrx_word' id='word_1_54' title='bbox 1023 1034 1189 1120; x_wconf 88' lang='lat' dir='ltr'><strong>postremo</strong></span> <span class='ocrx_word' id='word_1_55' title='bbox 1207 1055 1299 1187; x_wconf 46' lang='lat' dir='ltr'><strong>uspoe</strong></span> 
     </span>
    </p>
   </div>
   <div class='ocr_carea' id='block_1_3' title="bbox 229 1118 1373 3994">
    <p class='ocr_par' dir='ltr' id='par_1_3' title="bbox 229 1118 1373 3994">
     <span class='ocr_line' id='line_1_9' title="bbox 286 1118 1296 1208; baseline -0.002 -20"><span class='ocrx_word' id='word_1_56' title='bbox 286 1118 600 1208; x_wconf 69' lang='lat' dir='ltr'><strong>enprogressusest,</strong></span> <span class='ocrx_word' id='word_1_57' title='bbox 622 1121 652 1186; x_wconf 90' lang='lat' dir='ltr'><strong>in</strong></span> <span class='ocrx_word' id='word_1_58' title='bbox 672 1119 822 1205; x_wconf 82' lang='lat' dir='ltr'><strong>virginem</strong></span> <span class='ocrx_word' id='word_1_59' title='bbox 842 1137 901 1204; x_wconf 90' lang='lat' dir='ltr'><strong>pau</strong></span> <span class='ocrx_word' id='word_1_60' title='bbox 959 1119 1061 1186; x_wconf 89' lang='lat' dir='ltr'><strong>culam</strong></span> <span class='ocrx_word' id='word_1_61' title='bbox 1077 1121 1230 1207; x_wconf 78' lang='lat' dir='ltr'><strong>quidem,</strong></span> <span class='ocrx_word' id='word_1_62' title='bbox 1262 1121 1296 1186; x_wconf 85' lang='lat' dir='ltr'><strong>ed</strong></span> 
     </span>
     <span class='ocr_line' id='line_1_10' title="bbox 284 1137 1296 1291; baseline -0.003 -16"><span class='ocrx_word' id='word_1_63' title='bbox 284 1209 425 1287; x_wconf 80' lang='lat' dir='ltr'><strong>bonam,</strong></span> <span class='ocrx_word' id='word_1_64' title='bbox 453 1205 544 1270; x_wconf 87' lang='lat' dir='ltr'><strong>bonis</strong></span> <span class='ocrx_word' id='word_1_65' title='bbox 562 1220 773 1291; x_wconf 80' lang='lat' dir='ltr'><strong>prognatam,</strong></span> <span class='ocrx_word' id='word_1_66' title='bbox 808 1137 1001 1289; x_wconf 58' lang='lat' dir='ltr'><strong>Pampiiim</strong></span> <span class='ocrx_word' id='word_1_67' title='bbox 1022 1207 1174 1286; x_wconf 88' lang='lat' dir='ltr'><strong>nomine,</strong></span> <span class='ocrx_word' id='word_1_68' title='bbox 1209 1207 1296 1291; x_wconf 73' lang='lat' dir='ltr'><strong>diam</strong></span> 
     </span>
     <span class='ocr_line' id='line_1_11' title="bbox 287 1287 1299 1376; baseline -0.003 -17"><span class='ocrx_word' id='word_1_69' title='bbox 287 1309 388 1360; x_wconf 90' lang='lat' dir='ltr'><strong>mater</strong></span> <span class='ocrx_word' id='word_1_70' title='bbox 409 1287 544 1358; x_wconf 84' lang='lat' dir='ltr'><strong>Sostrata</strong></span> <span class='ocrx_word' id='word_1_71' title='bbox 566 1289 661 1355; x_wconf 88' lang='lat' dir='ltr'><strong>vidua</strong></span> <span class='ocrx_word' id='word_1_72' title='bbox 683 1287 788 1355; x_wconf 69' lang='lat' dir='ltr'><strong>sande</strong></span> <span class='ocrx_word' id='word_1_73' title='bbox 802 1287 925 1368; x_wconf 90' lang='lat' dir='ltr'><strong>fecum,</strong></span> <span class='ocrx_word' id='word_1_74' title='bbox 948 1290 979 1354; x_wconf 83' lang='lat' dir='ltr'><strong>dt</strong></span> <span class='ocrx_word' id='word_1_75' title='bbox 1001 1291 1135 1373; x_wconf 86' lang='lat' dir='ltr'><strong>pudice,</strong></span> <span class='ocrx_word' id='word_1_76' title='bbox 1154 1307 1194 1374; x_wconf 80' lang='lat' dir='ltr'><strong>ut</strong></span> <span class='ocrx_word' id='word_1_77' title='bbox 1216 1305 1299 1376; x_wconf 89' lang='lat' dir='ltr'><strong>pote·</strong></span> 
     </span>
     <span class='ocr_line' id='line_1_12' title="bbox 282 1372 1301 1468; baseline -0.003 -25"><span class='ocrx_word' id='word_1_78' title='bbox 282 1389 362 1468; x_wconf 65' lang='lat' dir='ltr'><strong>tat,</strong></span> <span class='ocrx_word' id='word_1_79' title='bbox 386 1372 566 1453; x_wconf 72' lang='lat' dir='ltr'><strong>educabat,</strong></span> <span class='ocrx_word' id='word_1_80' title='bbox 594 1373 691 1439; x_wconf 76' lang='lat' dir='ltr'><strong>noCtu</strong></span> <span class='ocrx_word' id='word_1_81' title='bbox 720 1373 911 1439; x_wconf 84' lang='lat' dir='ltr'><strong>temulentus</strong></span> <span class='ocrx_word' id='word_1_82' title='bbox 931 1385 1008 1438; x_wconf 77' lang='lat' dir='ltr'><strong>’tum</strong></span> <span class='ocrx_word' id='word_1_83' title='bbox 1036 1373 1219 1454; x_wconf 88' lang='lat' dir='ltr'><strong>hrcidisfet,</strong></span> <span class='ocrx_word' id='word_1_84' title='bbox 1242 1375 1301 1440; x_wconf 85' lang='lat' dir='ltr'><strong>vitn</strong></span> 
     </span>
     <span class='ocr_line' id='line_1_13' title="bbox 263 1449 1297 1542; baseline -0.003 -13"><span class='ocrx_word' id='word_1_85' title='bbox 263 1449 319 1529; x_wconf 65' lang='lat' dir='ltr'><strong>&#39;tii</strong></span> <span class='ocrx_word' id='word_1_86' title='bbox 343 1457 468 1538; x_wconf 89' lang='lat' dir='ltr'><strong>attolit,</strong></span> <span class='ocrx_word' id='word_1_87' title='bbox 489 1459 710 1542; x_wconf 83' lang='lat' dir='ltr'><strong>gravidamque</strong></span> <span class='ocrx_word' id='word_1_88' title='bbox 738 1455 836 1524; x_wconf 84' lang='lat' dir='ltr'><strong>fecit.</strong></span> <span class='ocrx_word' id='word_1_89' title='bbox 867 1459 955 1523; x_wconf 85' lang='lat' dir='ltr'><strong>uenit</strong></span> <span class='ocrx_word' id='word_1_90' title='bbox 1027 1455 1089 1525; x_wconf 83' lang='lat' dir='ltr'><strong>llea</strong></span> <span class='ocrx_word' id='word_1_91' title='bbox 1107 1461 1145 1524; x_wconf 89' lang='lat' dir='ltr'><strong>ad</strong></span> <span class='ocrx_word' id='word_1_92' title='bbox 1169 1474 1297 1527; x_wconf 88' lang='lat' dir='ltr'><strong>matrem</strong></span> 
     </span>
     <span class='ocr_line' id='line_1_14' title="bbox 283 1542 1296 1632; baseline -0.003 -19"><span class='ocrx_word' id='word_1_93' title='bbox 283 1547 396 1624; x_wconf 84' lang='lat' dir='ltr'><strong>filius,</strong></span> <span class='ocrx_word' id='word_1_94' title='bbox 417 1545 541 1609; x_wconf 89' lang='lat' dir='ltr'><strong>veniam</strong></span> <span class='ocrx_word' id='word_1_95' title='bbox 563 1557 693 1630; x_wconf 83' lang='lat' dir='ltr'><strong>petens,</strong></span> <span class='ocrx_word' id='word_1_96' title='bbox 714 1542 950 1632; x_wconf 81' lang='lat' dir='ltr'><strong>pollicensque,</strong></span> <span class='ocrx_word' id='word_1_97' title='bbox 979 1544 1151 1626; x_wconf 81' lang='lat' dir='ltr'><strong>cpuellatn</strong></span> <span class='ocrx_word' id='word_1_98' title='bbox 1168 1562 1296 1610; x_wconf 78' lang='lat' dir='ltr'><strong>uxorem</strong></span> 
     </span>
     <span class='ocr_line' id='line_1_15' title="bbox 284 1626 1294 1710; baseline -0.005 -12"><span class='ocrx_word' id='word_1_99' title='bbox 284 1631 468 1698; x_wconf 66' lang='lat' dir='ltr'><strong>dubiorum.</strong></span> <span class='ocrx_word' id='word_1_100' title='bbox 497 1647 533 1692; x_wconf 91' lang='lat' dir='ltr'><strong>ea</strong></span> <span class='ocrx_word' id='word_1_101' title='bbox 562 1629 625 1694; x_wconf 85' lang='lat' dir='ltr'><strong>lide</strong></span> <span class='ocrx_word' id='word_1_102' title='bbox 650 1629 745 1708; x_wconf 89' lang='lat' dir='ltr'><strong>data,</strong></span> <span class='ocrx_word' id='word_1_103' title='bbox 776 1626 1073 1710; x_wconf 65' lang='lat' dir='ltr'><strong>enimomnes,</strong></span> <span class='ocrx_word' id='word_1_104' title='bbox 1104 1629 1294 1696; x_wconf 80' lang='lat' dir='ltr'><strong>&amp;tacitum</strong></span> 
     </span>
     <span class='ocr_line' id='line_1_16' title="bbox 285 1710 1295 1798; baseline -0.006 -15"><span class='ocrx_word' id='word_1_105' title='bbox 285 1711 458 1798; x_wconf 83' lang='lat' dir='ltr'><strong>Ctesipho,</strong></span> <span class='ocrx_word' id='word_1_106' title='bbox 481 1731 554 1776; x_wconf 91' lang='lat' dir='ltr'><strong>cum</strong></span> <span class='ocrx_word' id='word_1_107' title='bbox 572 1713 602 1778; x_wconf 90' lang='lat' dir='ltr'><strong>in</strong></span> <span class='ocrx_word' id='word_1_108' title='bbox 620 1712 728 1788; x_wconf 87' lang='lat' dir='ltr'><strong>urbem</strong></span> <span class='ocrx_word' id='word_1_109' title='bbox 748 1710 903 1792; x_wconf 85' lang='lat' dir='ltr'><strong>interdum</strong></span> <span class='ocrx_word' id='word_1_110' title='bbox 920 1711 1112 1790; x_wconf 85' lang='lat' dir='ltr'><strong>ventitaret,</strong></span> <span class='ocrx_word' id='word_1_111' title='bbox 1136 1710 1202 1798; x_wconf 85' lang='lat' dir='ltr'><strong>ipse</strong></span> <span class='ocrx_word' id='word_1_112' title='bbox 1220 1729 1295 1798; x_wconf 89' lang='lat' dir='ltr'><strong>quo·</strong></span> 
     </span>
     <span class='ocr_line' id='line_1_17' title="bbox 282 1793 1296 1886; baseline -0.002 -22"><span class='ocrx_word' id='word_1_113' title='bbox 282 1817 345 1886; x_wconf 89' lang='lat' dir='ltr'><strong>que</strong></span> <span class='ocrx_word' id='word_1_114' title='bbox 364 1793 566 1864; x_wconf 86' lang='lat' dir='ltr'><strong>citlrarisltiae</strong></span> <span class='ocrx_word' id='word_1_115' title='bbox 590 1797 749 1878; x_wconf 81' lang='lat' dir='ltr'><strong>cujusdam</strong></span> <span class='ocrx_word' id='word_1_116' title='bbox 776 1814 883 1861; x_wconf 85' lang='lat' dir='ltr'><strong>amore</strong></span> <span class='ocrx_word' id='word_1_117' title='bbox 905 1812 1072 1880; x_wconf 87' lang='lat' dir='ltr'><strong>correptus</strong></span> <span class='ocrx_word' id='word_1_118' title='bbox 1096 1793 1166 1863; x_wconf 83' lang='lat' dir='ltr'><strong>ell.</strong></span> <span class='ocrx_word' id='word_1_119' title='bbox 1198 1813 1296 1862; x_wconf 87' lang='lat' dir='ltr'><strong>totam</strong></span> 
     </span>
     <span class='ocr_line' id='line_1_18' title="bbox 281 1877 1293 1966; baseline -0.005 -17"><span class='ocrx_word' id='word_1_120' title='bbox 281 1889 346 1966; x_wconf 77' lang='lat' dir='ltr'><strong>ejus</strong></span> <span class='ocrx_word' id='word_1_121' title='bbox 366 1883 410 1946; x_wconf 88' lang='lat' dir='ltr'><strong>rei</strong></span> <span class='ocrx_word' id='word_1_122' title='bbox 430 1877 568 1960; x_wconf 86' lang='lat' dir='ltr'><strong>famam,</strong></span> <span class='ocrx_word' id='word_1_123' title='bbox 589 1899 630 1947; x_wconf 90' lang='lat' dir='ltr'><strong>ne</strong></span> <span class='ocrx_word' id='word_1_124' title='bbox 645 1897 706 1961; x_wconf 81' lang='lat' dir='ltr'><strong>qua</strong></span> <span class='ocrx_word' id='word_1_125' title='bbox 721 1896 901 1956; x_wconf 72' lang='lat' dir='ltr'><strong>emanaret,</strong></span> <span class='ocrx_word' id='word_1_126' title='bbox 921 1878 1150 1964; x_wconf 81' lang='lat' dir='ltr'><strong>ac‘perveniret</strong></span> <span class='ocrx_word' id='word_1_127' title='bbox 1168 1877 1211 1946; x_wconf 91' lang='lat' dir='ltr'><strong>ad</strong></span> <span class='ocrx_word' id='word_1_128' title='bbox 1226 1879 1293 1946; x_wconf 88' lang='lat' dir='ltr'><strong>De·</strong></span> 
     </span>
     <span class='ocr_line' id='line_1_19' title="bbox 229 1962 1291 2043; baseline -0.001 -15"><span class='ocrx_word' id='word_1_129' title='bbox 229 2021 232 2028; x_wconf 79' lang='grc'>,</span> <span class='ocrx_word' id='word_1_130' title='bbox 286 1985 411 2043; x_wconf 78' lang='lat' dir='ltr'><strong>meam,</strong></span> <span class='ocrx_word' id='word_1_131' title='bbox 434 1965 464 2029; x_wconf 94' lang='lat' dir='ltr'><strong>in</strong></span> <span class='ocrx_word' id='word_1_132' title='bbox 479 1962 543 2036; x_wconf 89' lang='lat' dir='ltr'><strong>sese</strong></span> <span class='ocrx_word' id='word_1_133' title='bbox 559 1963 729 2042; x_wconf 84' lang='lat' dir='ltr'><strong>Aeschinus</strong></span> <span class='ocrx_word' id='word_1_134' title='bbox 744 1962 968 2031; x_wconf 85' lang='lat' dir='ltr'><strong>transferebat.</strong></span> <span class='ocrx_word' id='word_1_135' title='bbox 992 1965 1129 2042; x_wconf 70' lang='lat' dir='ltr'><strong>madent,</strong></span> <span class='ocrx_word' id='word_1_136' title='bbox 1149 1981 1223 2028; x_wconf 90' lang='lat' dir='ltr'><strong>cum</strong></span> <span class='ocrx_word' id='word_1_137' title='bbox 1244 1964 1291 2028; x_wconf 89' lang='lat' dir='ltr'><strong>le·</strong></span> 
     </span>
     <span class='ocr_line' id='line_1_20' title="bbox 278 2047 1292 2134; baseline -0.008 -15"><span class='ocrx_word' id='word_1_138' title='bbox 278 2071 342 2131; x_wconf 87' lang='lat' dir='ltr'><strong>no,</strong></span> <span class='ocrx_word' id='word_1_139' title='bbox 361 2047 484 2134; x_wconf 87' lang='lat' dir='ltr'><strong>puellae</strong></span> <span class='ocrx_word' id='word_1_140' title='bbox 499 2050 661 2128; x_wconf 85' lang='lat' dir='ltr'><strong>dontinus,</strong></span> <span class='ocrx_word' id='word_1_141' title='bbox 679 2065 732 2114; x_wconf 92' lang='lat' dir='ltr'><strong>aut</strong></span> <span class='ocrx_word' id='word_1_142' title='bbox 747 2049 916 2134; x_wconf 76' lang='lat' dir='ltr'><strong>pecummtr</strong></span> <span class='ocrx_word' id='word_1_143' title='bbox 930 2047 1007 2128; x_wconf 89' lang='lat' dir='ltr'><strong>stbi,</strong></span> <span class='ocrx_word' id='word_1_144' title='bbox 1021 2049 1122 2132; x_wconf 85' lang='lat' dir='ltr'><strong>quanti</strong></span> <span class='ocrx_word' id='word_1_145' title='bbox 1137 2065 1172 2112; x_wconf 78' lang='lat' dir='ltr'><strong>ea</strong></span> <span class='ocrx_word' id='word_1_146' title='bbox 1183 2063 1292 2128; x_wconf 61' lang='lat' dir='ltr'><strong>aaut,</strong></span> 
     </span>
     <span class='ocr_line' id='line_1_21' title="bbox 281 2131 1292 2214; baseline -0.008 -10"><span class='ocrx_word' id='word_1_147' title='bbox 281 2137 382 2204; x_wconf 87' lang='lat' dir='ltr'><strong>vellct</strong></span> <span class='ocrx_word' id='word_1_148' title='bbox 398 2135 429 2202; x_wconf 91' lang='lat' dir='ltr'><strong>in</strong></span> <span class='ocrx_word' id='word_1_149' title='bbox 448 2151 572 2201; x_wconf 89' lang='lat' dir='ltr'><strong>manum</strong></span> <span class='ocrx_word' id='word_1_150' title='bbox 587 2135 671 2214; x_wconf 87' lang='lat' dir='ltr'><strong>dari,</strong></span> <span class='ocrx_word' id='word_1_151' title='bbox 690 2147 743 2198; x_wconf 91' lang='lat' dir='ltr'><strong>aut</strong></span> <span class='ocrx_word' id='word_1_152' title='bbox 760 2133 872 2198; x_wconf 80' lang='lat' dir='ltr'><strong>secam</strong></span> <span class='ocrx_word' id='word_1_153' title='bbox 892 2133 942 2198; x_wconf 89' lang='lat' dir='ltr'><strong>alii</strong></span> <span class='ocrx_word' id='word_1_154' title='bbox 958 2134 1152 2200; x_wconf 88' lang='lat' dir='ltr'><strong>venditurum</strong></span> <span class='ocrx_word' id='word_1_155' title='bbox 1166 2131 1292 2199; x_wconf 83' lang='lat' dir='ltr'><strong>minita-</strong></span> 
     </span>
     <span class='ocr_line' id='line_1_22' title="bbox 280 2216 1295 2303; baseline -0.008 -13"><span class='ocrx_word' id='word_1_156' title='bbox 280 2239 387 2298; x_wconf 82' lang='lat' dir='ltr'><strong>retur3</strong></span> <span class='ocrx_word' id='word_1_157' title='bbox 406 2217 557 2285; x_wconf 79' lang='lat' dir='ltr'><strong>addullus</strong></span> <span class='ocrx_word' id='word_1_158' title='bbox 571 2220 603 2286; x_wconf 91' lang='lat' dir='ltr'><strong>in</strong></span> <span class='ocrx_word' id='word_1_159' title='bbox 623 2220 771 2286; x_wconf 89' lang='lat' dir='ltr'><strong>summam</strong></span> <span class='ocrx_word' id='word_1_160' title='bbox 786 2216 1033 2302; x_wconf 79' lang='lat' dir='ltr'><strong>desperationem</strong></span> <span class='ocrx_word' id='word_1_161' title='bbox 1051 2216 1215 2303; x_wconf 86' lang='lat' dir='ltr'><strong>Ctestpbo,</strong></span> <span class='ocrx_word' id='word_1_162' title='bbox 1235 2217 1295 2296; x_wconf 82' lang='lat' dir='ltr'><strong>ianr</strong></span> 
     </span>
     <span class='ocr_line' id='line_1_23' title="bbox 283 2301 1297 2390; baseline -0.004 -18"><span class='ocrx_word' id='word_1_163' title='bbox 283 2303 545 2390; x_wconf 86' lang='lat' dir='ltr'><strong>derelinquenda</strong></span> <span class='ocrx_word' id='word_1_164' title='bbox 567 2305 664 2388; x_wconf 90' lang='lat' dir='ltr'><strong>patria</strong></span> <span class='ocrx_word' id='word_1_165' title='bbox 686 2305 862 2388; x_wconf 83' lang='lat' dir='ltr'><strong>cogitabat.</strong></span> <span class='ocrx_word' id='word_1_166' title='bbox 884 2319 956 2368; x_wconf 88' lang='lat' dir='ltr'><strong>tum</strong></span> <span class='ocrx_word' id='word_1_167' title='bbox 981 2301 1177 2384; x_wconf 83' lang='lat' dir='ltr'><strong>Aeschinus,</strong></span> <span class='ocrx_word' id='word_1_168' title='bbox 1196 2319 1231 2368; x_wconf 86' lang='lat' dir='ltr'><strong>re</strong></span> <span class='ocrx_word' id='word_1_169' title='bbox 1253 2302 1297 2368; x_wconf 93' lang='lat' dir='ltr'><strong>in·</strong></span> 
     </span>
     <span class='ocr_line' id='line_1_24' title="bbox 284 2388 1294 2472; baseline -0.006 -16"><span class='ocrx_word' id='word_1_170' title='bbox 284 2389 434 2470; x_wconf 79' lang='lat' dir='ltr'><strong>tellesla,</strong></span> <span class='ocrx_word' id='word_1_171' title='bbox 460 2389 624 2472; x_wconf 89' lang='lat' dir='ltr'><strong>qui·nullo</strong></span> <span class='ocrx_word' id='word_1_172' title='bbox 641 2405 746 2470; x_wconf 83' lang='lat' dir='ltr'><strong>neque</strong></span> <span class='ocrx_word' id='word_1_173' title='bbox 770 2388 890 2472; x_wconf 91' lang='lat' dir='ltr'><strong>pudore</strong></span> <span class='ocrx_word' id='word_1_174' title='bbox 913 2401 1134 2470; x_wconf 85' lang='lat' dir='ltr'><strong>teneretur‚n</strong></span> <span class='ocrx_word' id='word_1_175' title='bbox 1180 2405 1219 2451; x_wconf 89' lang='lat' dir='ltr'><strong>ue</strong></span> <span class='ocrx_word' id='word_1_176' title='bbox 1236 2405 1294 2454; x_wconf 89' lang='lat' dir='ltr'><strong>rne-</strong></span> 
     </span>
     <span class='ocr_line' id='line_1_25' title="bbox 283 2470 1293 2558; baseline -0.003 -19"><span class='ocrx_word' id='word_1_177' title='bbox 283 2489 338 2556; x_wconf 89' lang='lat' dir='ltr'><strong>tu‚</strong></span> <span class='ocrx_word' id='word_1_178' title='bbox 356 2475 485 2539; x_wconf 87' lang='lat' dir='ltr'><strong>domum</strong></span> <span class='ocrx_word' id='word_1_179' title='bbox 501 2473 624 2541; x_wconf 85' lang='lat' dir='ltr'><strong>lenonis</strong></span> <span class='ocrx_word' id='word_1_180' title='bbox 632 2491 695 2558; x_wconf 84' lang='lat' dir='ltr'><strong>per</strong></span> <span class='ocrx_word' id='word_1_181' title='bbox 714 2473 778 2538; x_wconf 82' lang='lat' dir='ltr'><strong>uim</strong></span> <span class='ocrx_word' id='word_1_182' title='bbox 800 2470 951 2556; x_wconf 76' lang='lat' dir='ltr'><strong>ingrersus</strong></span> <span class='ocrx_word' id='word_1_183' title='bbox 979 2471 1043 2554; x_wconf 87' lang='lat' dir='ltr'><strong>eil,</strong></span> <span class='ocrx_word' id='word_1_184' title='bbox 1058 2473 1105 2539; x_wconf 86' lang='lat'><strong>·&amp;</strong></span> <span class='ocrx_word' id='word_1_185' title='bbox 1127 2473 1247 2557; x_wconf 87' lang='lat' dir='ltr'><strong>lpum,</strong></span> <span class='ocrx_word' id='word_1_186' title='bbox 1264 2471 1293 2536; x_wconf 80' lang='lat' dir='ltr'><strong>dc</strong></span> 
     </span>
     <span class='ocr_line' id='line_1_26' title="bbox 279 2555 1295 2644; baseline -0.003 -21"><span class='ocrx_word' id='word_1_187' title='bbox 279 2555 429 2644; x_wconf 70' lang='lat' dir='ltr'><strong>similium</strong></span> <span class='ocrx_word' id='word_1_188' title='bbox 450 2559 595 2624; x_wconf 82' lang='lat' dir='ltr'><strong>contudit</strong></span> <span class='ocrx_word' id='word_1_189' title='bbox 616 2557 744 2642; x_wconf 82' lang='lat' dir='ltr'><strong>pugnis,</strong></span> <span class='ocrx_word' id='word_1_190' title='bbox 768 2557 965 2642; x_wconf 74' lang='lat' dir='ltr'><strong>puellamque</strong></span> <span class='ocrx_word' id='word_1_191' title='bbox 980 2575 1035 2640; x_wconf 86' lang='lat' dir='ltr'><strong>per</strong></span> <span class='ocrx_word' id='word_1_192' title='bbox 1054 2558 1119 2624; x_wconf 87' lang='lat' dir='ltr'><strong>vim</strong></span> <span class='ocrx_word' id='word_1_193' title='bbox 1142 2558 1295 2640; x_wconf 85' lang='lat' dir='ltr'><strong>abreptam</strong></span> 
     </span>
     <span class='ocr_line' id='line_1_27' title="bbox 237 2641 1291 2728; baseline -0.005 -17"><span class='ocrx_word' id='word_1_194' title='bbox 237 2642 241 2651; x_wconf 88' lang='grc'><strong>’</strong></span> <span class='ocrx_word' id='word_1_195' title='bbox 280 2643 408 2711; x_wconf 81' lang='lat' dir='ltr'><strong>tradidit</strong></span> <span class='ocrx_word' id='word_1_196' title='bbox 425 2641 515 2725; x_wconf 73' lang='lat' dir='ltr'><strong>fratri</strong></span> <span class='ocrx_word' id='word_1_197' title='bbox 549 2643 709 2727; x_wconf 85' lang='lat' dir='ltr'><strong>Spargitur</strong></span> <span class='ocrx_word' id='word_1_198' title='bbox 726 2655 794 2706; x_wconf 90' lang='lat' dir='ltr'><strong>tota</strong></span> <span class='ocrx_word' id='word_1_199' title='bbox 814 2643 891 2728; x_wconf 82' lang='lat' dir='ltr'><strong>urbe</strong></span> <span class='ocrx_word' id='word_1_200' title='bbox 904 2659 1028 2707; x_wconf 90' lang='lat' dir='ltr'><strong>rumor.</strong></span> <span class='ocrx_word' id='word_1_201' title='bbox 1052 2641 1142 2707; x_wconf 85' lang='lat' dir='ltr'><strong>venit</strong></span> <span class='ocrx_word' id='word_1_202' title='bbox 1156 2643 1291 2716; x_wconf 84' lang='lat' dir='ltr'><strong>Demea,</strong></span> 
     </span>
     <span class='ocr_line' id='line_1_28' title="bbox 279 2723 1293 2810; baseline -0.008 -16"><span class='ocrx_word' id='word_1_203' title='bbox 279 2727 454 2794; x_wconf 81' lang='lat' dir='ltr'><strong>Micionem</strong></span> <span class='ocrx_word' id='word_1_204' title='bbox 467 2725 561 2808; x_wconf 81' lang='lat' dir='ltr'><strong>objur</strong></span> <span class='ocrx_word' id='word_1_205' title='bbox 600 2739 633 2800; x_wconf 90' lang='lat' dir='ltr'><strong>t,</strong></span> <span class='ocrx_word' id='word_1_206' title='bbox 660 2725 823 2802; x_wconf 87' lang='lat' dir='ltr'><strong>inclamat,</strong></span> <span class='ocrx_word' id='word_1_207' title='bbox 847 2723 977 2792; x_wconf 85' lang='lat' dir='ltr'><strong>testatur</strong></span> <span class='ocrx_word' id='word_1_208' title='bbox 989 2725 1067 2792; x_wconf 83' lang='lat' dir='ltr'><strong>deos</strong></span> <span class='ocrx_word' id='word_1_209' title='bbox 1083 2743 1184 2810; x_wconf 86' lang='lat' dir='ltr'><strong>atque</strong></span> <span class='ocrx_word' id='word_1_210' title='bbox 1203 2723 1293 2791; x_wconf 86' lang='lat' dir='ltr'><strong>horni-</strong></span> 
     </span>
     <span class='ocr_line' id='line_1_29' title="bbox 278 2807 1373 2894; baseline -0.004 -14"><span class='ocrx_word' id='word_1_211' title='bbox 278 2831 355 2892; x_wconf 88' lang='lat' dir='ltr'><strong>nes,</strong></span> <span class='ocrx_word' id='word_1_212' title='bbox 376 2810 463 2894; x_wconf 87' lang='lat' dir='ltr'><strong>quod</strong></span> <span class='ocrx_word' id='word_1_213' title='bbox 480 2807 564 2874; x_wconf 91' lang='lat' dir='ltr'><strong>disso</strong></span> <span class='ocrx_word' id='word_1_214' title='bbox 579 2823 672 2890; x_wconf 87' lang='lat' dir='ltr'><strong>utus,</strong></span> <span class='ocrx_word' id='word_1_215' title='bbox 692 2809 780 2892; x_wconf 92' lang='lat' dir='ltr'><strong>quod</strong></span> <span class='ocrx_word' id='word_1_216' title='bbox 795 2810 1021 2894; x_wconf 86' lang='lat' dir='ltr'><strong>intemperans,</strong></span> <span class='ocrx_word' id='word_1_217' title='bbox 1068 2811 1132 2876; x_wconf 92' lang='lat' dir='ltr'><strong>uod</strong></span> <span class='ocrx_word' id='word_1_218' title='bbox 1146 2809 1288 2880; x_wconf 81' lang='lat' dir='ltr'><strong>vinosus.</strong></span> <span class='ocrx_word' id='word_1_219' title='bbox 1372 2869 1373 2876; x_wconf 74' lang='grc'>,</span> 
     </span>
     <span class='ocr_line' id='line_1_30' title="bbox 280 2831 1291 2980; baseline -0.003 -20"><span class='ocrx_word' id='word_1_220' title='bbox 280 2895 367 2980; x_wconf 86' lang='lat' dir='ltr'><strong>quod</strong></span> <span class='ocrx_word' id='word_1_221' title='bbox 388 2891 563 2972; x_wconf 83' lang='lat' dir='ltr'><strong>scortator,</strong></span> <span class='ocrx_word' id='word_1_222' title='bbox 584 2893 670 2978; x_wconf 87' lang='lat' dir='ltr'><strong>quod</strong></span> <span class='ocrx_word' id='word_1_223' title='bbox 688 2893 804 2959; x_wconf 84' lang='lat' dir='ltr'><strong>nullius</strong></span> <span class='ocrx_word' id='word_1_224' title='bbox 820 2893 923 2964; x_wconf 87' lang='lat' dir='ltr'><strong>bonae</strong></span> <span class='ocrx_word' id='word_1_225' title='bbox 942 2894 985 2960; x_wconf 88' lang='lat' dir='ltr'><strong>rei</strong></span> <span class='ocrx_word' id='word_1_226' title='bbox 1000 2831 1177 2964; x_wconf 63' lang='lat' dir='ltr'><strong>aeschinus</strong></span> <span class='ocrx_word' id='word_1_227' title='bbox 1193 2894 1291 2970; x_wconf 90' lang='lat' dir='ltr'><strong>foret,</strong></span> 
     </span>
     <span class='ocr_line' id='line_1_31' title="bbox 279 2975 1291 3066; baseline 0.001 -21"><span class='ocrx_word' id='word_1_228' title='bbox 279 2997 405 3045; x_wconf 88' lang='lat' dir='ltr'><strong>omnem</strong></span> <span class='ocrx_word' id='word_1_229' title='bbox 425 2977 456 3045; x_wconf 93' lang='lat' dir='ltr'><strong>in</strong></span> <span class='ocrx_word' id='word_1_230' title='bbox 478 2975 618 3060; x_wconf 86' lang='lat' dir='ltr'><strong>Mitione</strong></span> <span class='ocrx_word' id='word_1_231' title='bbox 637 2995 700 3044; x_wconf 94' lang='lat' dir='ltr'><strong>uno</strong></span> <span class='ocrx_word' id='word_1_232' title='bbox 717 2977 844 3044; x_wconf 89' lang='lat' dir='ltr'><strong>haerere</strong></span> <span class='ocrx_word' id='word_1_233' title='bbox 868 2980 1007 3064; x_wconf 85' lang='lat' dir='ltr'><strong>culpam:</strong></span> <span class='ocrx_word' id='word_1_234' title='bbox 1022 2979 1082 3046; x_wconf 87' lang='lat' dir='ltr'><strong>diis</strong></span> <span class='ocrx_word' id='word_1_235' title='bbox 1103 2981 1218 3066; x_wconf 86' lang='lat' dir='ltr'><strong>gratias</strong></span> <span class='ocrx_word' id='word_1_236' title='bbox 1226 2995 1291 3062; x_wconf 72' lang='lat' dir='ltr'><strong>age·</strong></span> 
     </span>
     <span class='ocr_line' id='line_1_32' title="bbox 277 3059 1291 3150; baseline -0.004 -20"><span class='ocrx_word' id='word_1_237' title='bbox 277 3083 333 3142; x_wconf 87' lang='lat' dir='ltr'><strong>re,</strong></span> <span class='ocrx_word' id='word_1_238' title='bbox 355 3063 442 3144; x_wconf 82' lang='lat' dir='ltr'><strong>quod</strong></span> <span class='ocrx_word' id='word_1_239' title='bbox 458 3059 512 3126; x_wconf 85' lang='lat' dir='ltr'><strong>ille</strong></span> <span class='ocrx_word' id='word_1_240' title='bbox 533 3059 660 3144; x_wconf 87' lang='lat' dir='ltr'><strong>saitem,</strong></span> <span class='ocrx_word' id='word_1_241' title='bbox 682 3081 776 3147; x_wconf 88' lang='lat' dir='ltr'><strong>quem</strong></span> <span class='ocrx_word' id='word_1_242' title='bbox 791 3061 859 3148; x_wconf 88' lang='lat' dir='ltr'><strong>ipse</strong></span> <span class='ocrx_word' id='word_1_243' title='bbox 880 3063 943 3130; x_wconf 89' lang='lat' dir='ltr'><strong>ruri</strong></span> <span class='ocrx_word' id='word_1_244' title='bbox 961 3063 1109 3145; x_wconf 88' lang='lat' dir='ltr'><strong>haberet,</strong></span> <span class='ocrx_word' id='word_1_245' title='bbox 1135 3063 1238 3150; x_wconf 87' lang='lat' dir='ltr'><strong>frugi,</strong></span> <span class='ocrx_word' id='word_1_246' title='bbox 1257 3077 1291 3126; x_wconf 88' lang='lat' dir='ltr'><strong>ac</strong></span> 
     </span>
     <span class='ocr_line' id='line_1_33' title="bbox 278 3143 1292 3228; baseline -0.001 -16"><span class='ocrx_word' id='word_1_247' title='bbox 278 3165 455 3228; x_wconf 87' lang='lat' dir='ltr'><strong>temperans</strong></span> <span class='ocrx_word' id='word_1_248' title='bbox 473 3143 574 3226; x_wconf 84' lang='lat' dir='ltr'><strong>esset3</strong></span> <span class='ocrx_word' id='word_1_249' title='bbox 598 3149 643 3212; x_wconf 91' lang='lat' dir='ltr'><strong>rei</strong></span> <span class='ocrx_word' id='word_1_250' title='bbox 662 3145 818 3227; x_wconf 88' lang='lat' dir='ltr'><strong>studeret,</strong></span> <span class='ocrx_word' id='word_1_251' title='bbox 842 3147 1017 3220; x_wconf 71' lang='lat' dir='ltr'><strong>sesamae,</strong></span> <span class='ocrx_word' id='word_1_252' title='bbox 1049 3149 1173 3218; x_wconf 87' lang='lat' dir='ltr'><strong>illarum</strong></span> <span class='ocrx_word' id='word_1_253' title='bbox 1199 3165 1292 3214; x_wconf 82' lang='lat' dir='ltr'><strong>retum</strong></span> 
     </span>
     <span class='ocr_line' id='line_1_34' title="bbox 276 3229 1292 3316; baseline -0.005 -17"><span class='ocrx_word' id='word_1_254' title='bbox 276 3229 404 3299; x_wconf 91' lang='lat' dir='ltr'><strong>nihilne</strong></span> <span class='ocrx_word' id='word_1_255' title='bbox 419 3229 710 3316; x_wconf 81' lang='lat' dir='ltr'><strong>cogitaretouidem</strong></span> <span class='ocrx_word' id='word_1_256' title='bbox 724 3255 734 3298; x_wconf 74' lang='grc' dir='ltr'><strong>ε</strong></span> <span class='ocrx_word' id='word_1_257' title='bbox 755 3245 877 3300; x_wconf 88' lang='lat' dir='ltr'><strong>tanturn</strong></span> <span class='ocrx_word' id='word_1_258' title='bbox 895 3233 1045 3298; x_wconf 80' lang='lat' dir='ltr'><strong>videlicet</strong></span> <span class='ocrx_word' id='word_1_259' title='bbox 1056 3231 1292 3300; x_wconf 72' lang='lat' dir='ltr'><strong>intoresstlnter</strong></span> 
     </span>
     <span class='ocr_line' id='line_1_35' title="bbox 279 3311 1289 3402; baseline 0 -20"><span class='ocrx_word' id='word_1_260' title='bbox 279 3317 364 3382; x_wconf 88' lang='lat' dir='ltr'><strong>suam</strong></span> <span class='ocrx_word' id='word_1_261' title='bbox 385 3317 415 3379; x_wconf 82' lang='lat' dir='ltr'><strong>dt</strong></span> <span class='ocrx_word' id='word_1_262' title='bbox 441 3311 547 3380; x_wconf 82' lang='lat' dir='ltr'><strong>fratris</strong></span> <span class='ocrx_word' id='word_1_263' title='bbox 571 3315 781 3400; x_wconf 81' lang='lat' dir='ltr'><strong>disciplinam.</strong></span> <span class='ocrx_word' id='word_1_264' title='bbox 809 3315 912 3400; x_wconf 84' lang='lat' dir='ltr'><strong>placat</strong></span> <span class='ocrx_word' id='word_1_265' title='bbox 932 3317 1110 3394; x_wconf 89' lang='lat' dir='ltr'><strong>hominem,</strong></span> <span class='ocrx_word' id='word_1_266' title='bbox 1140 3335 1289 3402; x_wconf 87' lang='lat' dir='ltr'><strong>quantum</strong></span> 
     </span>
     <span class='ocr_line' id='line_1_36' title="bbox 276 3398 1293 3486; baseline -0.003 -19"><span class='ocrx_word' id='word_1_267' title='bbox 276 3402 308 3467; x_wconf 88' lang='lat' dir='ltr'><strong>in</strong></span> <span class='ocrx_word' id='word_1_268' title='bbox 333 3401 365 3464; x_wconf 88' lang='lat' dir='ltr'><strong>se</strong></span> <span class='ocrx_word' id='word_1_269' title='bbox 389 3399 450 3476; x_wconf 84' lang='lat' dir='ltr'><strong>eit,</strong></span> <span class='ocrx_word' id='word_1_270' title='bbox 475 3398 593 3466; x_wconf 81' lang='lat' dir='ltr'><strong>Mitior</strong></span> <span class='ocrx_word' id='word_1_271' title='bbox 613 3401 739 3484; x_wconf 84' lang='lat' dir='ltr'><strong>jamque</strong></span> <span class='ocrx_word' id='word_1_272' title='bbox 755 3400 787 3466; x_wconf 91' lang='lat' dir='ltr'><strong>se</strong></span> <span class='ocrx_word' id='word_1_273' title='bbox 808 3399 847 3466; x_wconf 92' lang='lat' dir='ltr'><strong>ab</strong></span> <span class='ocrx_word' id='word_1_274' title='bbox 864 3419 904 3466; x_wconf 90' lang='lat' dir='ltr'><strong>eo</strong></span> <span class='ocrx_word' id='word_1_275' title='bbox 919 3401 1142 3486; x_wconf 85' lang='lat' dir='ltr'><strong>expediverat,</strong></span> <span class='ocrx_word' id='word_1_276' title='bbox 1162 3421 1237 3468; x_wconf 90' lang='lat' dir='ltr'><strong>cum</strong></span> <span class='ocrx_word' id='word_1_277' title='bbox 1253 3399 1293 3466; x_wconf 90' lang='lat' dir='ltr'><strong>su·</strong></span> 
     </span>
     <span class='ocr_line' id='line_1_37' title="bbox 276 3480 1292 3636; baseline 0.002 -88"><span class='ocrx_word' id='word_1_278' title='bbox 276 3483 422 3566; x_wconf 79' lang='lat' dir='ltr'><strong>pervenit</strong></span> <span class='ocrx_word' id='word_1_279' title='bbox 443 3485 543 3565; x_wconf 88' lang='lat' dir='ltr'><strong>aliud,</strong></span> <span class='ocrx_word' id='word_1_280' title='bbox 565 3487 651 3636; x_wconf 59' lang='lat' dir='ltr'><strong>iim</strong></span> <span class='ocrx_word' id='word_1_281' title='bbox 674 3487 807 3568; x_wconf 89' lang='lat' dir='ltr'><strong>majores</strong></span> <span class='ocrx_word' id='word_1_282' title='bbox 826 3486 920 3552; x_wconf 88' lang='lat' dir='ltr'><strong>etiam</strong></span> <span class='ocrx_word' id='word_1_283' title='bbox 944 3487 1098 3554; x_wconf 89' lang='lat' dir='ltr'><strong>tumultus</strong></span> <span class='ocrx_word' id='word_1_284' title='bbox 1123 3480 1292 3554; x_wconf 78' lang='lat' dir='ltr'><strong>excitaret.</strong></span> 
     </span>
     <span class='ocr_line' id='line_1_38' title="bbox 277 3567 1294 3656; baseline -0.003 -20"><span class='ocrx_word' id='word_1_285' title='bbox 277 3585 396 3652; x_wconf 77' lang='lat' dir='ltr'><strong>raptant</strong></span> <span class='ocrx_word' id='word_1_286' title='bbox 425 3570 463 3636; x_wconf 85' lang='lat' dir='ltr'><strong>ab</strong></span> <span class='ocrx_word' id='word_1_287' title='bbox 491 3568 574 3638; x_wconf 89' lang='lat' dir='ltr'><strong>Ael&#39;c</strong></span> <span class='ocrx_word' id='word_1_288' title='bbox 598 3571 649 3636; x_wconf 87' lang='lat' dir='ltr'><strong>ino</strong></span> <span class='ocrx_word' id='word_1_289' title='bbox 677 3567 910 3646; x_wconf 85' lang='lat' dir='ltr'><strong>citharistrinm,</strong></span> <span class='ocrx_word' id='word_1_290' title='bbox 933 3569 1093 3656; x_wconf 85' lang='lat' dir='ltr'><strong>perfertur</strong></span> <span class='ocrx_word' id='word_1_291' title='bbox 1108 3573 1148 3638; x_wconf 87' lang='lat' dir='ltr'><strong>ad</strong></span> <span class='ocrx_word' id='word_1_292' title='bbox 1168 3587 1294 3638; x_wconf 85' lang='lat' dir='ltr'><strong>nratrem</strong></span> 
     </span>
     <span class='ocr_line' id='line_1_39' title="bbox 282 3653 1295 3742; baseline -0.002 -19"><span class='ocrx_word' id='word_1_293' title='bbox 282 3653 484 3740; x_wconf 82' lang='lat' dir='ltr'><strong>Pamphilae.</strong></span> <span class='ocrx_word' id='word_1_294' title='bbox 516 3673 596 3738; x_wconf 89' lang='lat' dir='ltr'><strong>quac</strong></span> <span class='ocrx_word' id='word_1_295' title='bbox 619 3654 745 3739; x_wconf 86' lang='lat' dir='ltr'><strong>quidem</strong></span> <span class='ocrx_word' id='word_1_296' title='bbox 767 3655 924 3742; x_wconf 88' lang='lat' dir='ltr'><strong>Pamphila</strong></span> <span class='ocrx_word' id='word_1_297' title='bbox 951 3657 994 3722; x_wconf 87' lang='lat' dir='ltr'><strong>ita</strong></span> <span class='ocrx_word' id='word_1_298' title='bbox 1023 3669 1091 3720; x_wconf 89' lang='lat' dir='ltr'><strong>erat</strong></span> <span class='ocrx_word' id='word_1_299' title='bbox 1119 3657 1157 3722; x_wconf 92' lang='lat' dir='ltr'><strong>ad</strong></span> <span class='ocrx_word' id='word_1_300' title='bbox 1182 3657 1295 3737; x_wconf 85' lang='lat' dir='ltr'><strong>parien-</strong></span> 
     </span>
     <span class='ocr_line' id='line_1_40' title="bbox 280 3739 1293 3824; baseline -0.005 -18"><span class='ocrx_word' id='word_1_301' title='bbox 280 3741 353 3806; x_wconf 90' lang='lat' dir='ltr'><strong>dum</strong></span> <span class='ocrx_word' id='word_1_302' title='bbox 373 3739 511 3816; x_wconf 83' lang='lat' dir='ltr'><strong>uicina,</strong></span> <span class='ocrx_word' id='word_1_303' title='bbox 547 3753 581 3804; x_wconf 96' lang='lat' dir='ltr'><strong>ut</strong></span> <span class='ocrx_word' id='word_1_304' title='bbox 603 3741 665 3822; x_wconf 86' lang='lat' dir='ltr'><strong>jam</strong></span> <span class='ocrx_word' id='word_1_305' title='bbox 687 3758 706 3804; x_wconf 84' lang='lat' dir='ltr'><strong>c</strong></span> <span class='ocrx_word' id='word_1_306' title='bbox 727 3739 840 3805; x_wconf 91' lang='lat' dir='ltr'><strong>dolore</strong></span> <span class='ocrx_word' id='word_1_307' title='bbox 865 3741 1047 3808; x_wconf 89' lang='lat' dir='ltr'><strong>laboraret.</strong></span> <span class='ocrx_word' id='word_1_308' title='bbox 1076 3741 1155 3824; x_wconf 91' lang='lat' dir='ltr'><strong>quid</strong></span> <span class='ocrx_word' id='word_1_309' title='bbox 1182 3741 1293 3808; x_wconf 87' lang='lat' dir='ltr'><strong>faceret</strong></span> 
     </span>
     <span class='ocr_line' id='line_1_41' title="bbox 278 3822 1293 3910; baseline -0.004 -20"><span class='ocrx_word' id='word_1_310' title='bbox 278 3822 413 3890; x_wconf 82' lang='lat' dir='ltr'><strong>misera?</strong></span> <span class='ocrx_word' id='word_1_311' title='bbox 435 3839 590 3888; x_wconf 81' lang='lat' dir='ltr'><strong>mutatum</strong></span> <span class='ocrx_word' id='word_1_312' title='bbox 607 3823 753 3890; x_wconf 85' lang='lat' dir='ltr'><strong>Aeschini</strong></span> <span class='ocrx_word' id='word_1_313' title='bbox 768 3824 925 3904; x_wconf 89' lang='lat' dir='ltr'><strong>animum,</strong></span> <span class='ocrx_word' id='word_1_314' title='bbox 948 3823 981 3890; x_wconf 89' lang='lat' dir='ltr'><strong>se</strong></span> <span class='ocrx_word' id='word_1_315' title='bbox 998 3843 1078 3890; x_wconf 84' lang='lat' dir='ltr'><strong>vero</strong></span> <span class='ocrx_word' id='word_1_316' title='bbox 1097 3872 1106 3902; x_wconf 93' lang='lat'><strong>,</strong></span> <span class='ocrx_word' id='word_1_317' title='bbox 1136 3825 1293 3910; x_wconf 83' lang='lat' dir='ltr'><strong>filiamque</strong></span> 
     </span>
     <span class='ocr_line' id='line_1_42' title="bbox 275 3905 1293 3994; baseline -0.005 -17"><span class='ocrx_word' id='word_1_318' title='bbox 275 3911 360 3977; x_wconf 80' lang='lat' dir='ltr'><strong>fram</strong></span> <span class='ocrx_word' id='word_1_319' title='bbox 382 3907 518 3992; x_wconf 86' lang='lat' dir='ltr'><strong>proditas</strong></span> <span class='ocrx_word' id='word_1_320' title='bbox 539 3925 594 3986; x_wconf 80' lang='lat' dir='ltr'><strong>per</strong></span> <span class='ocrx_word' id='word_1_321' title='bbox 613 3905 763 3976; x_wconf 86' lang='lat' dir='ltr'><strong>summam</strong></span> <span class='ocrx_word' id='word_1_322' title='bbox 790 3909 971 3994; x_wconf 84' lang='lat' dir='ltr'><strong>perfidiam,</strong></span> <span class='ocrx_word' id='word_1_323' title='bbox 998 3928 1036 3974; x_wconf 88' lang='lat' dir='ltr'><strong>ac</strong></span> <span class='ocrx_word' id='word_1_324' title='bbox 1054 3907 1196 3976; x_wconf 82' lang='lat' dir='ltr'><strong>desertas</strong></span> <span class='ocrx_word' id='word_1_325' title='bbox 1213 3923 1293 3990; x_wconf 75' lang='lat' dir='ltr'><strong>prm·</strong></span> 
     </span>
    </p>
   </div>
   <div class='ocr_carea' id='block_1_4' title="bbox 275 3989 1305 4140">
    <p class='ocr_par' dir='ltr' id='par_1_4' title="bbox 275 3989 1305 4140">
     <span class='ocr_line' id='line_1_43' title="bbox 275 3989 1305 4090; baseline -0.005 -30"><span class='ocrx_word' id='word_1_326' title='bbox 275 3997 340 4062; x_wconf 80' lang='lat' dir='ltr'><strong>hrt</strong></span> <span class='ocrx_word' id='word_1_327' title='bbox 383 3991 499 4062; x_wconf 85' lang='lat' dir='ltr'><strong>Getam</strong></span> <span class='ocrx_word' id='word_1_328' title='bbox 527 3989 687 4060; x_wconf 84' lang='lat' dir='ltr'><strong>servulum</strong></span> <span class='ocrx_word' id='word_1_329' title='bbox 701 4040 714 4075; x_wconf 93' lang='lat'><strong>,</strong></span> <span class='ocrx_word' id='word_1_330' title='bbox 746 3994 813 4090; x_wconf 40' lang='lat' dir='ltr'><strong>qul·</strong></span> <span class='ocrx_word' id='word_1_331' title='bbox 826 4013 993 4080; x_wconf 88' lang='lat' dir='ltr'><strong>pauperem</strong></span> <span class='ocrx_word' id='word_1_332' title='bbox 1020 3991 1174 4062; x_wconf 84' lang='lat' dir='ltr'><strong>familiam</strong></span> <span class='ocrx_word' id='word_1_333' title='bbox 1196 3993 1305 4062; x_wconf 64' lang='lat' dir='ltr'><strong>soluts·</strong></span> 
     </span>
     <span class='ocr_line' id='line_1_44' title="bbox 1267 4089 1301 4140; baseline 0.059 -2"><span class='ocrx_word' id='word_1_334' title='bbox 1267 4089 1301 4140; x_wconf 91' lang='lat' dir='ltr'><strong>ut</strong></span> 
     </span>
    </p>
   </div>
   <div class='ocr_carea' id='block_1_5' title="bbox 0 0 1396 4916">
    <p class='ocr_par' dir='ltr' id='par_1_5' title="bbox 0 0 1396 4916">
     <span class='ocr_line' id='line_1_45' title="bbox 0 0 1396 4916; baseline 0 3"><span class='ocrx_word' id='word_1_335' title='bbox 0 0 1396 4916; x_wconf 95' lang='lat' dir='ltr'><strong> </strong></span> 
     </span>
    </p>
   </div>
  </div>
 </body>
</html>
