2738 4910
209 401 572 478 illiciter.
633 402 747 473 er.
805 403 949 478 XIII.
1030 427 1094 498 309

73 565 137 634 illo
161 581 201 629 ex
223 579 304 646 rogo
326 555 455 626 renasci.
495 557 559 626 Sed
580 577 640 646 ego
662 558 811 646 figmenta
836 559 904 630 esse
917 563 971 631 illa
984 573 1096 650 podre-

73 646 330 732 rum,puraburn.
375 641 432 710 Tu
463 663 559 722 vero,
581 662 694 730 quem,
717 661 752 712 ut
772 645 842 714 illos
862 666 948 714 rarae
962 651 1095 718 inventu

72 735 192 818 dapes,
213 731 258 796 ita
281 727 388 799 omnia
413 730 445 794 iu
474 727 581 796 lludiir
601 731 719 813 rara&
743 729 895 815 erquifita
917 733 1098 816 deludant,

75 819 136 884 cde
161 815 256 912 nubis
275 831 394 910 numen
414 810 538 896 gulonis
552 811 654 894 illius,
674 813 822 912 qui-tauri
839 817 996 900 putaverit
1010 819 1093 902 pala.
1133 840 1148 918 Ι·

73 900 329 1054 liudizi
343 895 654 1078 diltlcllzlll
668 917 1030 1072 dillell’llll
1044 901 1094 1052 l:
1146 1045 1149 1052 .

75 1070 98 1138 fi
121 1088 162 1136 ex
190 1063 223 1133 se
242 1061 436 1144 renascatur:
458 1063 628 1134 interfecta
640 1083 722 1146 una,
743 1083 846 1136 tutum
864 1087 961 1152 genus
980 1069 1095 1138 exstin·
1130 1073 1134 1086 '

75 1155 165 1220 dium
184 1147 241 1218 est.
281 1151 390 1234 Atque
410 1167 446 1214 ea
467 1147 609 1218 fortasfir
633 1149 738 1217 caussa
757 1149 818 1231 est,
842 1169 899 1218 cur
913 1154 1015 1222 nullus
1028 1155 1090 1236 ium

71 1239 199 1324 pridem
223 1231 364 1320 phoenix
376 1233 561 1318 reperiatur.
605 1231 706 1300 Ludis
720 1249 754 1299 ru
774 1236 920 1332 quidem,
943 1238 1044 1324 Inquit
1059 1239 1095 1304 il.

76 1325 133 1404 le,
155 1323 189 1387 dr
206 1318 298 1386 solita
310 1318 363 1386 illa
381 1333 435 1384 rua
454 1315 700 1386 disfirnulrtione
714 1319 830 1386 ulerrs':
851 1319 940 1402 sedsr
961 1339 1028 1388 tum
1047 1321 1097 1390 ἰιιἮ

73 1407 94 1473 s
152 1403 228 1473 isser
242 1401 358 1469 librum
373 1399 534 1470 Plutarchi
547 1401 603 1469 Dc
616 1401 797 1490 ualetudine
820 1405 951 1486 tuenda,
973 1405 1097 1472 didicIs·

88 1509 125 1558 ec
144 1509 186 1556 cx
202 1507 267 1568 eo,
288 1485 375 1557 illius
394 1485 479 1568 avie,
496 1505 592 1636 puam
608 1501 643 1552 tu
665 1485 780 1554 nullam
800 1487 867 1554 csse
879 1507 988 1574 putes,
1008 1508 1096 1558 ccre-

74 1576 169 1661 brum
193 1570 291 1639 dulce
315 1569 442 1656 quidem
460 1587 550 1648 ese,
573 1569 627 1638 sed
641 1569 784 1638 dolorem
800 1591 837 1652 ca
860 1574 911 1639 iris
927 1574 1093 1642 iuducere:

97 1659 161 1726 uod
180 1673 246 1724 tam
259 1655 364 1755 gravis
378 1653 674 1756 audiornumquam
691 1591 895 1741 prodidisllt,
915 1657 969 1725 nisr
985 1657 1096 1728 saltem

71 1679 167 1812 lus
184 1741 239 1827 qui
261 1739 293 1806 rd
311 1735 505 1836 gustassent,
526 1739 683 1808 audiisset.
725 1739 809 1810 Istud
826 1759 924 1823 vero,
945 1743 1093 1828 inquam,

72 1828 174 1912 magis
195 1825 291 1908 etiem
315 1841 431 1894 mirum
452 1822 568 1905 fuerit,
588 1824 642 1910 qui
658 1822 753 1892 semel
768 1843 838 1894 euur
854 1827 960 1894 cibum
978 1827 1095 1914 gustas·
1233 1825 1240 1836 '

71 1911 162 1992 sent,
183 1928 290 1995 neque
315 1907 399 1973 enim
417 1923 552 1992 potuere
566 1905 704 1994 saepius,
733 1911 898 1991 timelio,
921 1913 951 1978 dr
969 1930 1032 1980 taur
1050 1913 1098 1978 dr·

71 1996 187 2066 ssinde
235 2011 355 2062 ituram
392 1991 476 2058 illlur
501 1995 663 2080 perprere
681 1991 831 2078 potuisse.
869 1993 954 2062 Nam
974 2013 1034 2082 ego
1049 2003 1094 2084 ira
1171 2031 1174 2041 ·

73 2100 115 2148 cx
136 2076 193 2146 Ari
220 2079 310 2145 orele
326 2075 517 2158 didiceram,
541 2076 727 2146 ememorIa
745 2077 810 2160 ejus
826 2079 911 2164 quod
928 2075 1018 2164 [πέρα
1041 2099 1096 2148 eo·

71 2166 151 2230 dem
177 2163 275 2231 modo
297 2157 505 2246 contigisset,
527 2162 772 2247 experientiam,
792 2181 811 2227 e
836 2163 942 2230 multis
969 2183 1097 2246 aurem,

73 2247 149 2316 scio
172 2247 236 2312 buc
263 2245 411 2312 larinum
431 2243 596 2327 nouerit,
618 2245 670 2312 sed
686 2244 799 2312 dabitis
813 2249 952 2325 veniam,
977 2251 1099 2332 experi-

73 2329 180 2402 entiis
202 2344 300 2394 artem
319 2328 413 2396 effici.
455 2327 622 2410 Bello,
650 2330 994 2414 inquir,1tuvideris.·
1023 2333 1099 2398 milri
1207 2341 1211 2360 ¹

76 2414 161 2484 saris
184 2411 271 2493 erit,
290 2411 312 2478 fi
335 2411 390 2498 riui
417 2411 578 2480 Plutarchi
602 2409 897 2480 locumostendero.
936 2413 1098 2500 Simulque

71 2501 199 2570 librum
218 2515 238 2562 e
255 2496 320 2564 linu
334 2497 464 2580 protulit
506 2498 538 2564 in
555 2515 620 2584 quo
637 2515 710 2564 curn
727 2496 795 2562 aliis
808 2496 992 2581 quibusdam
1006 2517 1096 2566 erare

73 2587 109 2654 ὰ
140 2579 244 2659 δμωαὶ
263 2577 437 2663 Plutarchi,
510 2600 620 2662 armo,
650 2596 686 2648 ut
709 2596 808 2666 put0,
830 2581 1017 2664 iuterprete:
1038 2603 1098 2649 nu.

71 2688 150 2738 rnen
175 2666 263 2732 enim
286 2664 330 2730 ira
347 2663 485 2734 deletum
504 2682 591 2748 erat,
613 2679 649 2732 ur
671 2681 775 2732 tamen
792 2683 831 2732 ex
852 2664 999 2732 dudlibus
1013 2665 1099 2735 litte·
1197 2693 1199 2698 ¹

68 2771 180 2822 rarum
204 2747 438 2837 agnosceretur.
480 2747 515 2816 In
540 2770 580 2816 eo
593 2766 698 2820 auteur
715 2749 760 2816 ita
776 2749 867 2836 plane
885 2747 1034 2834 scriptum
1052 2751 1100 2818 le·'

68 2838 226 2925 gebatur:
248 2833 333 2904 Nam
359 2833 518 2924 phoenicis
545 2839 696 2901 cerebrum
727 2855 791 2900 curu
802 2832 846 2916 fir
863 2835 1099 2915 udmodurrdul·

72 2943 128 3003 ce,
150 2933 254 2987 tamen
281 2920 371 3004 ajunt
397 2921 507 3003 capiri:
532 2919 662 2986 dolorem
685 2933 806 3006 parere.
860 2916 972 2986 Homo
998 2921 1095 3004 igitur

69 3007 127 3092 qui
145 3023 216 3070 erm
238 3021 331 3070 uuam
353 3001 398 3068 ob
412 2999 549 3070 caussam
565 3001 725 3080 venirlet,
746 3019 844 3088 arque
861 3002 895 3068 id
908 3023 1002 3074 unum
1020 3023 1100 3089 ope·

70 3093 118 3158 rie
137 3085 317 3168 habuisset,
337 3104 412 3154 cum
438 3085 544 3169 diuo,
566 3087 620 3154 vix
646 3087 786 3154 salutatis
804 3086 917 3167 nobis,
934 3087 1093 3156 caussatur

70 3175 132 3244 libi
153 3169 265 3240 nescio
293 3170 370 3256 quid
397 3189 417 3237 n
458 3171 516 3236 otii
540 3171 632 3249 esse,
660 3169 810 3237 discessit.
856 3169 905 3235 llo
934 3171 1096 3256 digresso,

73 3257 178 3324 visum
199 3253 247 3321 est
276 3253 315 3322 iis
335 3253 390 3339 qui
414 3273 431 3318 a
453 3269 558 3336 crant,
579 3255 675 3321 etiarn
699 3253 851 3340 Xylandri
865 3255 1098 3336 Interpretario·

70 3361 146 3413 nem
172 3337 341 3426 inspicere.
393 3335 423 3404 le
453 3355 557 3407 autern
585 3339 629 3405 ita
654 3339 762 3406 locum
785 3338 872 3404 illum
897 3341 1098 3410 reddiderat:

74 3427 242 3496 Cerebrum
263 3421 423 3509 phoenicis
448 3423 533 3490 dulce
555 3423 710 3490 admodum
734 3419 792 3508 est,
806 3420 865 3520 sed
877 3421 997 3492 dolores
1013 3429 1097 3510 capi·

72 3514 117 3576 ris
145 3509 290 3576 inducere
309 3505 427 3603 fertur.
445 3589 452 3604 ι
471 3505 557 3576 Tum
579 3517 658 3594 ego,
691 3503 778 3604 Uria,
807 3525 950 3592 inquam,
974 3505 1097 3578 Graeca

68 3615 141 3746 {d
161 3589 1100 3774 dirlrlrllfflllrd‘lissuldffldllll

67 3765 168 3834 etiam
191 3761 262 3830 aliu
290 3759 462 3846 objecerit.
485 3765 570 3840 οιίηε
596 3779 677 3830 enim
697 3757 819 3829 Graece
836 3759 939 3844 palma
957 3762 1023 3842 est,
1046 3782 1103 3829 cu·

63 3849 119 3931 jus
145 3847 269 3916 arborIs
292 3863 359 3912 nun
384 3859 505 3910 tantum
524 3841 645 3912 fructus
660 3841 724 3912 esui
741 3843 835 3923 sunt,
856 3842 1020 3913 sedetiam
1036 3865 1102 3913 me·

64 3931 181 4016 dulla,
228 3945 302 3997 uam
326 3930 356 4000 k
382 3925 496 3994 Graeci
512 3931 677 4007 lyricam,
701 3925 853 3996 &Latini
871 3934 1024 3996 cerebrum
1044 3949 1102 3996 vo·

62 4032 158 4092 ant·
233 4034 256 4087 e
276 4011 333 4109 illa
357 4027 464 4086 eutem
481 4011 849 4167 loquiturslzlurarchun
869 4013 991 4084 nonde
1012 4013 1110 4112 piloq-

697 4115 718 4186 3
1030 4115 1111 4170 urcrs
