2742 4894
980 30 1001 74 v

32 249 52 298 ll

104 369 110 401 ,·
227 331 283 383 ιη
331 309 630 389 Hortatore
680 316 922 406 spnonrr.
1023 334 1088 422 9555

20 425 294 546 adornrnunicare
318 485 392 538 curn
420 470 559 538 studiosis
579 490 672 558 eaput
697 477 839 559 primum
858 479 970 562 prioris
988 481 1076 552 libri:

20 577 115 642 „puo
141 559 204 624 hos
225 555 312 640 ipsos
339 555 464 622 Horatii
484 555 590 622 versut
608 559 765 644 aliqua-ex
781 575 871 648 parte
890 564 1073 652 inpetprcta·

20 663 121 716 aar.
144 641 179 709 in
198 660 238 708 eo
255 641 350 727 igitur
363 640 407 705 ita
426 638 574 726 scriptum
594 639 654 710 est:

20 772 35 885 ,τ
84 807 158 875 Vir
181 811 301 886 bonus,
317 807 355 882 id
373 808 506 908 mudena
527 807 649 874 auderit
669 810 786 893 ditare,
809 813 967 899 Pentlreu,
998 813 1002 822 '

23 943 27 972 ,
76 891 205 960 Redor
232 893 427 966 Thebarum,
452 891 526 976 quad
545 909 589 956 nte
611 893 773 975 perferre,
793 901 919 982 purique

24 1029 29 1058 ,
73 975 253 1064 Indignum
270 977 391 1062 coget?
407 976 550 1042 Adimam
565 979 665 1042 bonor
687 992 789 1063 nempe
808 996 916 1065 pecus,
938 1005 1019 1064 ren,
1052 986 1053 996 ’

24 1115 33 1148 ,,
72 1060 219 1143 Leiios,
240 1074 420 1147 arpentum.
444 1060 534 1126 tollat
557 1061 639 1126 liter.
683 1063 720 1127 ln
741 1068 888 1147 inuritis,
911 1069 947 1140 id
991 1062 997 1072 ’

81 1147 288 1230 Compedibus
303 1145 395 1232 sarva
417 1158 445 1210 tr
460 1146 519 1229 sui
541 1139 655 1228 tuflrda
677 1151 790 1214 teatio.
858 1186 861 1196 ·

77 1227 156 1312 Ipse
178 1231 284 1312 Deus,
300 1228 393 1312 final
412 1239 502 1313 atque
524 1229 640 1306 tolum
661 1249 706 1298 ma
716 1227 842 1314 solvet,
864 1227 993 1318 opinor.'

74 1312 157 1380 Hoc
170 1311 293 1400 sentit,
313 1322 445 1394 mutiat.
469 1315 678 1398 montaleino
697 1317 780 1382 linea
800 1335 901 1412 teram
932 1312 993 1406 Ji?

21 1479 106 1548 nra
125 1479 266 1550 ueisrbus
290 1481 441 1550 Horatius
464 1481 657 1566 exprimere,
687 1483 834 1568 qualique
854 1501 928 1550 ante
947 1487 1061 1554 oculor

20 1565 180 1634 statuere
193 1567 297 1632 voluit
318 1564 499 1636 camarini
519 1564 714 1646 libertarent,
735 1585 827 1652 quam
848 1586 974 1652 veteres
990 1564 1065 1654 phi-J

19 1647 188 1738 losdplri,
213 1651 266 1716 'ac
278 1651 381 1718 Stoici
401 1665 523 1732 praeter
537 1666 679 1732 ceteros,
701 1651 732 1716 in
749 1652 895 1720 omnibus
918 1653 1060 1741 sapienti·

18 1733 113 1814 lina,
134 1753 244 1820 neque
265 1750 423 1821 praeterea
443 1733 473 1799 in
485 1735 690 1820 quibusquam
704 1734 790 1815 allis,
813 1737 880 1804 esse
894 1737 1061 1822 dicebant:

19 1835 98 1904 qua
113 1819 227 1900 fieret,
245 1805 339 1886 atilli
352 1835 561 1906 tyrannorum
574 1819 688 1898 minas,
708 1819 855 1902 imperia,
878 1825 1062 1906 pptcntiam.
1138 1853 1139 1860 ¹

18 1903 212 1990 pronihilo
232 1919 396 1986 putarent,
418 1921 455 1968 ac
476 1902 573 1968 libere
587 1902 704 1980 iccirco
725 1906 805 1986 apud
827 1923 883 1970 eos
925 1907 1054 1994 intrepi·

18 1991 140 2072 deque
161 1988 383 2072 loquerenturt
417 1985 533 2070 quippe
561 1987 614 2070 qui
646 1989 802 2070 praeclare
827 1951 1056 2076 inteiligerent,

19 2091 69 2138 ea
101 2072 204 2136 modo
217 2069 369 2138 fortunae
384 2067 533 2148 ludibria,
553 2071 584 2135 in
608 2066 718 2152 qulbus
740 2071 793 2156 ipsr
814 2073 928 2139 nullarn
944 2075 1053 2141 beatae

18 2157 125 2219 vitae
147 2153 269 2238 partem
286 2169 458 2236 ponerent,
479 2154 648 2237 atytannis
671 2150 747 2236 eripi
756 2153 870 2236 posse:
891 2158 972 2223 bona
989 2163 1053 2224 ani·

18 2239 96 2318 mi,
119 2255 201 2324 qaae
219 2235 272 2320 ipsi
296 2256 359 2303 non
385 2233 501 2300 summa
527 2251 667 2311 tantum,
689 2235 741 2302 sed
766 2236 829 2302 sola
853 2241 947 2306 etiam
975 2263 1051 2308 vere

20 2319 121 2388 bona
148 2317 320 2400 duc'erent,
349 2319 486 2387 firmiora
510 2319 594 2415 esse,
614 2337 707 2404 quam
731 2331 765 2386 ut
787 2321 880 2386 ullam
897 2325 1049 2410 ejusmodi

18 2408 98 2474 vim
131 2403 337 2472 reformidare
359 2403 529 2468 deberent:
562 2403 673 2469 vinciri
695 2402 957 2489 poesercotpora3
983 2413 1048 2476 ani·
1090 2457 1093 2466 ·
1177 2438 1180 2456 ·

19 2507 104 2556 moa
121 2489 218 2555 nullia
230 2488 362 2554 vinculis
377 2487 537 2554 co'e'rctri:
557 2503 693 2554 mortem
706 2489 862 2574 denique,
881 2493 969 2573 cujus
987 2515 1052 2560 me.

19 2589 63 2640 tu
91 2575 193 2642 ceteri
210 2573 354 2638 lrotninet
370 2570 465 2637 fanda
480 2569 603 2637 infanda
623 2574 772 2640 omnia&
791 2572 991 2658 paterentur,
1013 2583 1046 2648 ὅ(

19 2657 193 2738 facerent,
225 2657 279 2743 ipsr
304 2655 359 2722 fibi
379 2675 537 2740 nunquam
561 2653 794 2740 refugiendam,
826 2675 1048 2744 nonnunquam

22 2733 125 2813 etiam
144 2741 229 2807 ultro
244 2740 486 2818 accersendam,
509 2737 630 2823 semper
641 2741 776 2825 quidetn·
785 2745 968 2826 aequissimo
982 2747 1045 2812 ani·

24 2845 85 2894 mo
105 2824 296 2900 subeundam
311 2840 468 2908 putarent.
513 2822 589 2890 Hoc
603 2825 697 2909 igitur
708 2825 859 2892 Horatius
873 2829 1048 2911 exprimere

23 2929 101 2977 cunr
128 2910 242 2983 vellet,
265 2907 516 2996 praestantisfini
540 2914 656 2992 poetae
682 2909 838 2994 Euripidis
861 2912 966 2978 locum
991 2916 1047 2984 srbi

23 2997 63 3062 ad
87 2995 269 3062 imitandum
300 2993 487 3078 proposuit,
514 3009 648 3074 euntque
679 2993 792 3058 leviter
816 2993 982 3076 inflexum,
1012 2999 1045 3066 dt

27 3081 249 3162 immutatum,
270 3077 561 3164 apteadntodum,
591 3075 785 3161 scienterque
812 3078 850 3143 ad
880 3079 928 3159 id,
958 3083 1044 3165 quod

30 3165 149 3229 docere
167 3163 359 3242 instituerat,
380 3161 646 3226 accommodavit.
676 3148 814 3250 Quibus
838 3163 1041 3232 enimvobis

27 3245 172 3332 scenicus
193 3247 246 3335 ille
269 3245 491 3335 philosophus,
526 3259 561 3309 ut
582 3264 652 3310 eutn
677 3263 800 3310 veteres
821 3248 1042 3330 nominarunt,

26 3331 177 3398 Liberum
196 3349 349 3414 patrem,¹
361 3347 434 3395 curn
458 3327 632 3396 Pentheum
651 3329 877 3410 alloqueretur,
899 3350 1041 3401 utentem

26 3415 166 3494 fecerat,
185 3413 292 3480 iisdem
318 3413 423 3481 noster
445 3413 497 3480 hic
514 3413 688 3498 quemlibet
711 3413 877 3496 sapientem
894 3417 1039 3486 adversat
1115 3427 1122 3440 ‘

28 3515 175 3586 tyrannos
203 3503 248 3564 uti
270 3495 360 3584 pidsse
376 3498 499 3563 docuit:
524 3495 688 3580 ipsumque
709 3497 739 3564 in
755 3517 791 3562 ea
809 3517 844 3562 re
857 3501 1039 3582 explicanda

26 3584 153 3651 retinuit
165 3583 295 3651 Penthei
305 3586 419 3650 no'men
431 3597 492 3662 ,ut
500 3628 511 3663 ,
525 3599 619 3664 quern
632 3579 697 3666 ipse
710 3583 920 3664 cuiuspoetae
929 3585 1034 3652 locunt

30 3669 165 3736 imitatur
188 3665 289 3750 esset,
315 3665 446 3753 posteris
468 3659 751 3749 indicaremapsa·
767 3666 859 3750 igitur
881 3667 1038 3750 Euripidis

28 3751 123 3818 verba
145 3770 276 3836 ponam:
309 3771 369 3836 qua
394 3771 435 3816 ert
462 3770 497 3818 re
519 3750 674 3834 duplicem
698 3749 863 3814 utilitatem
884 3749 1037 3819 studiosos

29 3851 228 3926 pereepturos
247 3833 315 3907 etse
331 3835 478 3908 confido:
499 3835 583 3922 quod
607 3837 637 3902 dt
659 3833 781 3902 Horatii
801 3831 908 3926 ¹lotum
925 3836 1039 3900 intelli.

577 3920 662 4006 Par
683 3939 704 4006 3
948 3937 1043 4006 gant,
