2782 4916
257 355 499 424 Sonoata
537 373 590 422 tu
627 351 1134 434 ustauhanaim.

98 515 145 584 do
160 523 325 596 amentum
346 505 573 577 aMenedemo
587 511 737 594 eripiam.
760 511 900 582 dicemus
917 516 966 597 ei,
987 519 1128 592 Baetin

99 601 173 664 dem
195 599 278 662 hanc
292 595 339 660 tui
363 594 555 682 Clitiphonis
570 596 702 664 amicam
717 593 802 664 etse:
822 599 1062 687 orabimusquo,
1081 621 1125 678 ut.
1199 633 1202 640 ·

31 709 34 718 ·
99 701 172 748 cam
185 681 271 747 domi
284 676 357 745 suae
371 679 439 746 dies
457 682 582 766 aliquot
599 679 668 746 etse
685 683 841 765 patiatttr,
867 699 963 768 teque
983 687 1016 752 id
1039 691 1122 756 cela.

98 783 169 834 tum
191 764 289 833 velit.
316 781 415 848 porto
442 763 544 833 Clinia
562 763 646 832 filiae
663 782 753 847 tuae,
773 782 853 852 quae
876 769 976 838 modo
995 789 1119 857 reperta
1248 804 1251 813 -

97 851 165 928 ast,
184 849 324 916 formam
346 848 404 914 sibi
425 849 647 936 complacitam
666 849 735 918 etse
757 849 862 932 dicet,
882 869 1013 939 mulque
1029 846 1120 941 natet

101 952 258 1032 uxorem..
288 932 375 1028 Quid
402 935 499 1000 tum?
526 935 708 1019 pecuniam,
736 934 858 1022 iuquit,
876 952 966 1024 petet
990 959 1009 1006 a
1030 957 1119 1027 patre

104 1019 185 1101 suo,
206 1037 259 1104 qua
277 1035 425 1084 nouaen
471 1033 521 1086 tae
540 1035 723 1087 omamenca
735 1025 882 1087 coemat:
903 1041 972 1090 eam
988 1028 1122 1108 pecunt·,
1256 1049 1260 1058 ’

11 1169 12 1174 ,
97 1123 150 1172 am
179 1117 441 1172 numeraturuse
497 1102 665 1172 Bacchidi.
697 1103 759 1184 jam
788 1121 895 1174 autem
913 1107 953 1178 ad
967 1107 1121 1180 Menecle.

99 1206 212 1265 mum,
237 1186 473 1272 Syriaticae,
500 1188 659 1256 scanderat
674 1187 828 1256 Bacchis:
858 1193 892 1257 dc
915 1210 954 1258 co
1015 1215 1117 1280 mpant

100 1289 230 1340 omnem
250 1273 334 1336 suam
351 1271 541 1342 traduxerat.
580 1270 733 1340 Chremes
749 1273 851 1358 primo
869 1293 933 1344 non
987 1281 1026 1346 cis
1043 1299 1120 1350 cou-

99 1355 201 1428 lilium
219 1355 298 1425 illud
311 1354 464 1440 probate.
485 1355 616 1422 atillam
632 1371 741 1436 cette,
763 1358 866 1445 inquit
886 1361 1006 1458 Syrus,
1028 1374 1123 1449 pecu·

103 1443 209 1522 uiam,
234 1457 294 1524 pto
313 1459 374 1524 qua
392 1437 456 1506 filia
478 1445 535 1506 tud
549 1439 693 1524 opposita
712 1459 778 1510 erat
823 1443 948 1530 ignoti,
969 1449 1044 1532 quia
1059 1450 1122 1518 dis-

103 1525 208 1596 solvas
221 1570 233 1603 ,
270 1521 377 1622 facete
403 1522 620 1621 honestenuon
646 1539 753 1614 potes.
790 1461 863 1615 {go
885 1547 992 1613 veto,
1018 1533 1121 1618 inquit
1220 1561 1225 1574 ·
1349 1569 1352 1578 .

102 1611 276 1691 Chremes,
297 1601 484 1677 &lithetter
498 1609 636 1694 quidem.
675 1609 779 1676 latmo
796 1629 895 1693 veto,
913 1611 985 1682 infit
1004 1618 1122 1706 Syrus,

103 1696 182 1762 dato
197 1713 266 1760 eam
285 1692 484 1780 Clitiphoni,
504 1695 557 1780 qui
567 1696 606 1762 ad
618 1695 805 1762 Bacchidem
820 1695 961 1764 deferat.
974 1698 1020 1766 ita
1035 1703 1118 1770 enim

102 1777 230 1846 facilius
244 1778 353 1849 credet
370 1779 598 1858 Menedemus,
620 1797 688 1845 eam
699 1779 781 1848 illius
798 1779 874 1848 esse.
916 1785 965 1852 Sit
979 1783 1121 1854 ita-sans.

102 1879 284 1932 numeratur
302 1881 321 1928 a
341 1875 431 1947 patre
448 1862 620 1946 Clitiphoni
642 1865 795 1948 pecunia,
817 1885 911 1950 quam
927 1867 968 1936 ad
981 1872 1123 1938 mmctri-

107 1967 180 2015 cem
190 1945 366 2034 petfettet.
386 1945 507 2014 interea
517 1962 585 2012 tota
596 1965 647 2014 tea
658 1949 833 2033 detegitur.
849 1951 999 2037 indignati
1019 1953 1123 2024 Chre.

99 2051 191 2114 mes,
210 2032 242 2096 dt
257 2025 414 2112 fremere,
435 2031 468 2098 dt
486 2031 645 2112 minitari,
664 2031 1122 2108 seomulaattocissimaexem·
1223 2047 1226 2054 '

102 2118 155 2204 pla
172 2115 346 2186 editurum.
367 2115 515 2198 tandem,
531 2133 604 2186 cum
617 2116 704 2200 prius
718 2113 910 2202 Antiphilam
924 2120 1044 2189 Cliniae
1054 2124 1122 2192 col·

103 2199 260 2282 locasset,
280 2200 395 2285 partim
415 2197 621 2282 Menedemi,
641 2201 755 2284 partim
778 2205 886 2270 uxoris
900 2205 1047 2288 precibus
1066 2208 1123 2276 de-

103 2275 242 2366 lenitus,
261 2283 406 2370 ignoscit
455 2283 598 2368 Clitipho
620 2283 671 2360 se,
694 2285 811 2354 relictis
834 2289 1017 2356 meretriciis
1034 2311 1122 2359 amo·
1172 2355 1173 2360 ,

103 2371 212 2449 tibus,
234 2388 364 2436 uxorem
382 2367 548 2438 auduram
561 2368 741 2453 pollicetur.
781 2369 864 2438 Cum
883 2385 988 2440 autem
1001 2391 1122 2444 cetera·
1165 2435 1166 2440 ,

99 2473 173 2522 aum
202 2451 376 2520 fabularum
403 2468 619 2536 argumentum
646 2473 711 2522 uno
741 2453 792 2522 dic
818 2456 972 2530 coutintti
1001 2452 1121 2544 soleat3
1211 2457 1219 2482 ‘

102 2537 218 2622 hujus,
239 2556 304 2606 uon
317 2539 372 2608 uili
388 2537 487 2606 biduo
501 2538 648 2623 explicati
667 2537 782 2624 potest.

326 2704 900 2780 SCHOLIA.

145 2875 359 2951 Fudereacut
381 2892 492 2954 utute,
512 2887 565 2942 aul
581 2876 703 2961 aliquid
715 2873 975 2967 serredcuique]
1000 2879 1034 2950 ln
1053 2881 1122 2962 aliis

101 2957 204 3040 illud,
225 2959 371 3045 denique,
395 2977 468 3028 cum
481 2957 682 3046 sequentibus
693 2962 914 3046 coniungitur,
928 2966 991 3032 hoc
1007 2969 1121 3052 modo,

190 3084 325 3160 Fallere,
347 3094 401 3152 aul
423 3099 537 3158 orare,
559 3091 611 3147 aul
632 3081 753 3166 aliquid
767 3077 872 3159 seire.
896 3081 1026 3168 denique

188 3167 321 3236 Nullum
341 3167 472 3231 remittit
495 3176 618 3248 tempus.

99 3287 166 3354 ego
178 3267 274 3344 iidem
291 3247 404 3334 haheo‘
412 3263 580 3342 Ciceroni,
601 3263 653 3346 qui
670 3264 701 3330 iu
717 3259 819 3350 ptimo
836 3261 877 3328 dc
894 3262 1008 3331 finibus
1023 3265 1122 3333 citans

101 3355 189 3420 hunc
215 3351 349 3431 locum,
384 3347 478 3416 facilc
506 3345 667 3426 ostendit,
701 3349 851 3432 denique,
882 3347 977 3415 finem
1000 3351 1123 3436 periodi

104 3435 193 3504 esse.
214 3432 471 3520 malmaison,
494 3432 563 3500 aliis
575 3449 702 3522 quoque
718 3431 798 3498 locis
811 3431 870 3498 hac
885 3434 1020 3510 voceita
1032 3433 1121 3506 ulum

101 3521 308 3590 Terentium.
697 3551 699 3554 ·

111 3593 120 3604 ’
150 3606 220 3673 Aut
237 3609 317 3672 euim
339 3616 403 3684 me,
423 3613 568 3690 quantum
590 3599 641 3666 lic
665 3605 762 3682 aperis
778 3599 861 3686 fiat,
882 3601 1035 3686 poenitet]
1058 3601 1122 3670 lm·

101 3688 223 3786 prend,
251 3704 286 3756 ut
305 3690 437 3775 opimos,
464 3703 595 3764 omnes,
623 3701 746 3782 piaetct
772 3703 844 3766 eos,
874 3704 974 3770 quos,
1000 3679 1123 3773 aliquot

101 3774 220 3842 abhinc
235 3791 351 3855 anuos,
374 3773 511 3840 ediderat
530 3767 714 3855 Manutius:

147 3873 196 3938 At
217 3875 318 3949 talin,
339 3872 419 3938 dicat
431 3917 442 3950 ,
456 3888 500 3938 ne
517 3864 660 3954 wantum
680 3867 731 3932 liic
750 3871 847 3952 operis
855 3866 918 3953 fiat
936 3831 1084 3954 paenitet.

103 3969 208 4062 miror
229 3987 356 4072 autem,
383 3989 425 4055 ue
440 3965 781 4138 &mumqssdffl
794 3965 895 4054 ipsum
917 3967 1124 4130 cidiisssageo-
