2782 4916
314 29 319 66 l

275 335 522 410 Serr'on-rn
558 353 616 406 ιιι
652 334 1001 419 Technn-rurr.
1079 357 1144 439 nup

60 505 73 526 ⁰
119 533 181 610 ⁶³.
199 507 225 584 ς
245 497 365 612 aeli?
385 499 502 584 giu«
524 501 611 572 mrsu
633 503 683 570 rias
704 505 804 569 mua.
848 499 1037 573 Plutarchus
1060 511 1152 596 ung

99 593 348 748 *ilmffm
379 666 454 754 qaid
473 665 628 749 setium?
659 667 734 752 quid
753 670 873 754 egem?
902 675 977 760 quid
1002 617 1147 759 tlnmrm',

120 768 179 822 eut
206 755 344 838 queror?
396 751 458 819 Alii
485 750 676 836 omittebant
698 752 795 834 illud,
824 758 899 840 quid
924 760 1043 845 egem?
1062 765 1150 846 quod

123 858 231 906 tamen
256 839 286 905 dt
375 837 407 904 in
419 836 573 919 ‘antiquie
584 836 691 917 libris,
713 839 941 925 &agnoscitur
958 861 976 910 a
991 841 1148 930 Donato,

126 924 219 993 dt'ad
239 921 366 991 versum
382 919 589 990 necesarium
604 921 664 988 est.
1054 943 1056 953 ¹

217 1099 714 1174 ιιιιιοιιιιοιιιιι
767 1104 1050 1180 annonem
1099 1071 1101 1078 ’
1215 1146 1219 1157 -

361 1213 904 1302 A‘RGUMENTUM.
991 1291 995 1305 .

124 1346 439 1498 Chremen&
475 1425 637 1511 Demipho
663 1426 777 1496 fratres
807 1430 1014 1504 Athenienses
1045 1453 1146 1506 erant.

127 1516 281 1584 Chremen
302 1513 433 1582 Athenis
452 1529 582 1580 uxorem
596 1513 750 1595 divitem,
770 1531 808 1578 ac
828 1516 909 1584 hene
930 1519 1070 1588 dotatam
1088 1525 1148 1588 du·

121 1617 218 1668 xerat
244 1596 460 1668 Nausistratam
479 1600 546 1663 .·dt
573 1614 612 1664 ex
632 1617 667 1663 ea
692 1597 864 1683 susceperat
889 1601 987 1670 lilium
1005 1606 1150 1674 Phaedri-

123 1705 199 1754 am.
231 1682 365 1752 habebat
389 1679 598 1762 Nausistrata,
628 1697 751 1766 praeter
768 1699 890 1752 ceteras
914 1705 991 1772 oper
1012 1737 1023 1770 ,
1043 1694 1148 1775 opima
1210 1731 1213 1742 ι

152 1770 255 1838 raedia
279 1771 309 1836 in
332 1767 473 1834 Lemno.
493 1767 572 1854 *eoi
597 1771 658 1832 r't'ur
675 1767 824 1834 Chremes
844 1775 1032 1856 quotannis,
1053 1778 1090 1840 ad
1108 1795 1144 1842 ea
1255 1782 1260 1796 '

172 1853 280 1933 anda,
308 1851 542 1936 capiendosque
565 1785 713 1932 finnus,
740 1857 957 1922 commeabat.
986 1861 1061 1924 dum
1081 1861 1147 1930 illic

128 1939 272 2017 residet,
294 1935 504 2022 pauperculae
527 1935 686 2020 cujusdem
710 1937 847 2008 mulieris
878 1958 986 2007 amore
1017 1963 1142 2030 corrup

124 2041 200 2104 tus,
219 2041 287 2088 eam
307 2039 437 2108 quoque
464 2021 552 2088 ducit
569 2039 721 2101 uxorem;
749 2025 779 2086 dt
797 2041 836 2088 ert
858 2040 894 2090 ea
909 2025 1035 2112 suscipit
1050 2030 1144 2098 filiam

122 2107 295 2178 Phaniumr
325 2124 390 2186 ac,
421 2123 463 2170 ne
481 2123 529 2170 res
553 2119 734 2184 emanaret3
762 2125 958 2175 commutato
986 2115 1143 2200 nomine,

120 2191 321 2274 Stilphonem
338 2190 369 2256 se
388 2189 499 2256 Lemni
526 2191 630 2256 vocari
653 2190 763 2274 jubet.
795 2191 977 2258 detrahebat
999 2211 1147 2265 auteme

120 2275 279 2342 fructibus
331 2273 490 2344 aedictum
514 2277 620 2339 uxoris
646 2273 868 2355 Atheniensis,
892 2293 1041 2360 quantum
1070 2281 1143 2349 satis

126 2362 211 2426 esset
228 2360 264 2428 ed
287 2359 519 2429 ilamelteram
542 2377 601 2432 una
623 2376 695 2424 curn
719 2359 781 2426 lilia
796 2361 1007 2430 nutriendam:
1028 2363 1143 2435 deinde

8 2473 11 2487 ·
119 2445 266 2512 Athenae
282 2442 441 2522 reversus,
464 2459 519 2510 aut
536 2443 766 2523 calamitatem,
798 2461 851 2509 aut
871 2447 1057 2528 'vilitatem
1089 2467 1143 2518 aut

121 2531 311 2612 telealiqoid
327 2526 525 2596 caussahatur
578 2528 654 2594 Erat
680 2527 871 2612 Demiphoni
886 2530 968 2598 lilius
987 2536 1140 2619 Antipho.

124 2615 209 2684 Cum
234 2615 327 2698 igitur
341 2611 491 2680 Phanium
510 2613 688 2695 quindecim
702 2613 763 2695 jam
784 2615 911 2680 haber-er
927 2634 1045 2695 annos3
1067 2639 1144 2688 con·

126 2700 263 2766 veniunt
286 2701 367 2768 inter
388 2695 419 2764 se
442 2696 593 2771 Chremen
610 2697 639 2765 dt
657 2695 836 2781 Demipho,
859 2717 894 2762 ut
910 2700 1059 2768 Chremes
1076 2703 1143 2788 qui·

123 2786 198 2852 dem
225 2785 256 2849 dt
273 2783 433 2853 Lemniam
454 2799 604 2863 uxorem,
627 2783 657 2846 dt
686 2781 835 2850 Phanium
855 2785 996 2853 Atlrenat
1018 2787 1143 2856 clancu-

113 2869 190 2953 ‚lom
214 2867 399 2944 adduceret;
428 2865 591 2949 Demipho
618 2877 694 2932 vero
722 2866 868 2933 Phanium
897 2869 1039 2936 filiosuo
1065 2893 1145 2938 uto·

118 2972 190 3021 rem
205 2954 312 3020 daret.
335 2953 401 3034 m'us
420 2953 465 3014 rei
482 2949 587 3018 cautla
602 2951 810 3032 proficiscitur
828 2955 857 3018 in
874 2951 1026 3020 Lemnum
1048 2955 1146 3023 Chre·

123 3058 212 3107 ntes.
236 3037 348 3102 eodem
365 3053 507 3118 tempore
523 3036 654 3107 accidit,
677 3051 711 3101 ut
731 3035 924 3120 Demiphoni
940 3058 1068 3124 quoquc
1083 3044 1142 3108 iter

115 3121 209 3192 resset
230 3124 261 3188 in
277 3121 441 3190 Ciliciam.
464 3121 615 3184 abeuntes
631 3119 749 3200 ambo,
771 3119 872 3186 Getae
894 3122 944 3205 (is
968 3121 1141 3206 Demipho·

124 3210 176 3276 nis
198 3205 304 3274 servus
326 3207 416 3289 erat)
439 3204 520 3272 filios
548 3203 752 3270 committunt
778 3203 866 3272 suos.
891 3205 1043 3289 profestis
1061 3209 1140 3276 teni·

123 3295 210 3369 but,
230 3290 379 3358 Phaedria
395 3289 428 3354 se
443 3289 543 3355 llatlm
562 3285 767 3354 citharistriue
778 3291 937 3370 cujusdam
955 3312 1062 3358 amore
1079 3297 1134 3361 im·

123 3377 236 3462 plicat.
277 3376 338 3444 Sed
364 3375 526 3452 hocerat*
543 3373 736 3438 incommodi
749 3419 759 3453 ,
783 3375 888 3458 quod,
908 3378 960 3459 qui
985 3398 1002 3442 a
1025 3377 1140 3460 lenone

123 3473 266 3538 amaret,
286 3459 374 3544 *quod
391 3459 495 3538 daret,
518 3455 592 3524 nihil
606 3455 737 3523 habebat
753 3507 760 3523 .
779 3459 897 3524 interea
912 3479 992 3526 uror
1010 3481 1030 3526 e
1047 3463 1140 3532 Lern-

122 3565 191 3625 rro,
213 3563 310 3629 quae,
328 3559 456 3629 propter
470 3557 702 3628 paupertatem,
719 3541 776 3606 viri
792 3545 907 3608 diutius
924 3543 1026 3625 forte,
1047 3568 1139 3632 quam

121 3629 266 3698 solebat.
289 3630 439 3695 morantis
456 3628 625 3693 adventum
648 3625 812 3708 expectare
831 3647 893 3694 non
914 3629 1039 3712 posset,
1059 3651 1134 3700 con·

119 3711 350 3794 leonianam,
388 3713 523 3776 Athenas
549 3729 608 3777 una
635 3728 707 3775 cum
739 3709 829 3782 filia,
854 3714 884 3776 dt
906 3713 1029 3778 nutrice
1045 3717 1138 3799 ipliur

115 3798 229 3866 venit.
250 3813 402 3882 quaerunt
420 3796 633 3878 Stilphonem.
656 3791 779 3860 frustra.
802 3794 952 3876 Athenis,
974 3799 1027 3946 Ἦιῑ
1041 3821 1138 3884 quen·

116 3901 216 3965 quam
242 3900 282 3948 eo
306 3883 434 3950 nomine
457 3879 581 3959 nosset,
603 3878 817 3964 reperiebatur
837 3900 950 3947 nomo.
975 3884 982 3944 i
1009 3884 1017 3946 i
1039 3901 1138 3950 mater

111 3971 231 4060 (tanta
254 3986 323 4038 eant
351 3965 513 4056 aegritudo
540 3963 875 4118 ceperatggmorltur.
902 3965 931 4035 ei
955 3963 1052 4036 funus
1075 3989 1135 4036 untr

727 4065 789 4132 15
1011 4063 1015 4068 '
1063 4069 1137 4128 cum
