2802 4920
243 379 292 433 rtr
330 355 605 429 Cnnrotttnn.
654 353 698 424 IL
735 353 977 430 Conantur.
1018 389 1024 394 ·
1063 375 1125 446 sot
1188 333 1192 350 ’

82 521 265 597 bonoribus
284 521 452 597 functum,
475 517 509 583 vi
533 513 669 583 &minis
687 513 719 584 in
737 515 865 585 exilium
881 515 1032 588 mifiaset.
1052 537 1123 592 eaor

88 630 177 683 nunc
191 628 210 674 a
225 606 258 673 le
272 607 382 674 multis
397 602 575 670 rationibus
587 619 739 668 amovere
754 617 898 670 conatur.

51 721 55 730 “
136 696 271 763 Potuit.
293 691 368 776 quid
390 689 469 774 qood
495 681 630 770 iresterna
657 685 727 772 die]
751 687 817 770 lam
840 689 962 774 pridem
984 691 1124 760 animum

92 799 202 850 meum
229 777 333 842 tenuis
356 773 509 859 quaedam
537 768 673 856 suspicio
695 790 889 858 pupugerat,
912 776 982 842 vitii
1007 776 1126 863 aliquid

92 865 127 935 in
151 865 201 930 nia
218 859 326 928 verlilt
343 854 490 924 subesse.
521 856 576 920 vix
594 856 677 922 enim
701 854 777 923 satis
794 857 946 942 dispicere
960 877 1126 946 poteram,

90 947 226 1034 quorsus
252 947 331 1012 haec
349 942 556 1028 interrogatio
584 942 775 1026 pertineret.
805 961 883 1028 ergo
905 945 979 1012 dum
996 946 1129 1032 impres.

93 1035 148 1104 sos
176 1032 275 1098 libros
305 1045 379 1095 cum
411 1045 504 1094 manu
532 1023 655 1111 scriptis
682 1042 852 1104 accurate,
882 1043 979 1114 atque
1000 1045 1126 1100 attente

95 1115 251 1197 confero;
271 1111 374 1200 reperi
390 1113 421 1179 in
440 1129 501 1192 eo,
523 1128 617 1196 quem
635 1109 699 1194 iarn
718 1125 811 1177 antea
825 1113 1003 1197 dilaudavi,
1022 1116 1126 1184 omni·

93 1223 174 1284 um,
195 1219 331 1287 quorum
391 1217 413 1262 o
434 1196 562 1282 quidem
585 1195 709 1279 copiam
726 1193 907 1279 habuerim,
930 1200 1025 1285 longe
1041 1201 1126 1286 opti·

94 1307 153 1357 mo
173 1287 257 1354 libro
275 1301 345 1350 eam
381 1283 575 1368 cripturam,
598 1298 678 1364 quae
695 1297 823 1349 omnem
847 1283 924 1350 mibi
944 1283 1126 1396 scrupulum

89 1374 240 1452 exemit,
259 1369 415 1456 planeque
441 1364 506 1432 vlit
532 1363 577 1432 est
595 1366 683 1432 omni
703 1367 820 1434 mendo
836 1387 962 1438 vacare.
1000 1371 1054 1439 bic
1068 1371 1128 1456 igi·

95 1477 150 1526 tur
180 1458 212 1524 in
240 1473 281 1521 eo
307 1470 396 1521 totus
424 1449 476 1518 hic
498 1451 613 1538 legitur
639 1451 756 1518 locus:
789 1453 1000 1542 Simulatque
1023 1459 1070 1522 ire
1092 1464 1128 1523 ut

94 1542 225 1612 exilium
240 1537 344 1628 jussus
368 1531 429 1624 esi,
453 1540 581 1621 paruit,
607 1539 735 1620 quieuit.
784 1533 932 1623 Hesterno
956 1539 1030 1622 dir,
1059 1561 1127 1608 cum

101 1629 184 1695 domi
196 1644 278 1692 uuor
290 1639 367 1710 perra
382 1619 561 1712 interierint
580 1617 691 1706 essem,
705 1619 847 1707 senatum
867 1625 1013 1692 inuelem
1030 1625 1127 1712 Juvt't

103 1715 239 1780 Statoris
254 1709 427 1775 convocavi
434 1726 446 1771 .·
475 1723 538 1772 rem
559 1723 672 1772 omnem
695 1705 855 1794 adportes
874 1707 1056 1795 conscriptos
1074 1711 1128 1777 tir·

98 1799 184 1865 tuli.
214 1814 271 1882 quo
295 1813 362 1860 cum
385 1793 545 1870 Catilina,
567 1793 593 1853 ὰ
616 1806 734 1859 cetera.
776 1789 850 1872 Jam
865 1811 947 1878 opus
970 1795 1128 1866 essenon

99 1898 206 1968 puto,
225 1894 261 1945 ut
277 1897 346 1945 eam
364 1875 435 1944 ullis
453 1873 629 1942 rationibus
638 1875 846 1956 confirmem,
867 1895 906 1944 ac
922 1879 1126 1950 constituam.

101 1970 174 2037 Stat
191 1965 273 2032 enim
295 1960 432 2048 ipseper
451 1958 504 2042 se;
526 1977 630 2045 neque
646 1980 712 2034 non
733 1961 859 2046 probari
876 1963 1008 2031 cuilibet
1025 1963 1126 2035 douo

23 2076 29 2087 ’
97 2053 131 2120 ’ἀ
152 2047 341 2135 intelligenti
359 2044 561 2114 existimaturi
577 2043 701 2130 potest.
730 2044 820 2112 aliter
843 2043 981 2116 sortasse
1001 2049 1123 2132 judica·

99 2137 151 2202 bit
175 2134 275 2202 aliua.
305 2152 324 2199 e
346 2151 386 2212 o,
415 2143 451 2196 ut
474 2129 514 2196 de
540 2147 614 2196 meo
634 2127 723 2197 iensu
742 2147 851 2215 aperte
873 2147 970 2218 atque
991 2134 1128 2234 ingenue

94 2219 273 2294 confitear,
292 2153 345 2288 ve5
366 2216 429 2283 boc
444 2235 509 2282 uno
528 2213 697 2312 emendato
715 2213 813 2296 loco,
831 2216 1035 2286 videor‘mibr
1050 2239 1127 2304 ope·

95 2325 167 2376 ram
190 2301 337 2386 navuse,
356 2301 442 2387 quod
460 2302 490 2367 in
515 2298 574 2365 hac
590 2317 737 2364 oratione
751 2300 910 2384 purganda
930 2300 1128 2376 elaborarim.

151 2391 226 2454 Cum
243 2389 319 2452 domi
333 2385 437 2472 ment]
462 2384 561 2464 Non,
576 2381 727 2449 hesterno
745 2383 798 2449 die
823 2395 905 2469 pene
920 2386 1127 2457 interfellus:

104 2471 185 2552 sed,
212 2471 355 2539 bellemo
374 2471 425 2536 dit
446 2467 587 2536 senatum
603 2469 809 2536 convocavi:
837 2487 911 2538 cum
932 2469 1019 2540 domi
1040 2489 1134 2542 meae

97 2577 187 2649 pene
202 2557 387 2625 interfectus
403 2553 514 2626 essem.
914 2601 918 2610 ·

141 2641 182 2711 ln
197 2643 320 2730 urbm]
347 2645 495 2708 Senatum
511 2639 617 2706 haberi
634 2656 699 2708 non
718 2637 889 2724 potuisse,
913 2641 968 2710 nili
988 2641 1021 2710 in
1049 2654 1128 2712 tem·

97 2729 179 2816 plo,
199 2727 308 2795 notius
323 2725 387 2806 est,
409 2743 501 2809 quam
517 2744 552 2792 ut
570 2725 750 2792 confirmari
767 2723 895 2792 debeat.

150 2812 322 2880 Vehemens
342 2813 397 2876 ille
413 2809 535 2896 consul]
558 2809 795 2880 praedicatione
814 2809 966 2896 illorum,
995 2812 1051 2899 qui
1067 2809 1129 2884 Ca·

95 2897 221 2968 ulmam
240 2897 374 2982 eiectum
390 2911 576 2980 queruntur.

140 2979 245 3051 Homo
271 2979 506 3066 nudarisfimus]
538 2996 573 3046 ut
590 2979 800 3048 admirabilius
822 2981 966 3050 videatur
988 2997 1060 3048 eum
1082 2999 1131 3046 re·

99 3064 253 3136 tieuitse.
282 3067 313 3134 bt
338 3082 373 3131 ur
399 3064 541 3144 constet,
572 3064 604 3130 id
628 3083 691 3132 non
716 3083 826 3148 metu,
859 3065 912 3134 sed
937 3065 1134 3136 conscientia

101 3151 268 3222 effebum
308 3151 361 3219 Sic
378 3150 409 3218 in
430 3149 587 3218 Oratore:
606 3150 639 3215 A
659 3152 769 3232 nolis,
789 3149 875 3220 hume
892 3149 1130 3232 uuuativfimus,

103 3237 249 3306 Catilina
267 3241 299 3301 iu
320 3231 600 3322 [mutu-occusutut
617 3239 775 3300 obmutuit.

147 3319 216 3388 Ubi
225 3319 375 3471 [nigella
389 3319 424 3388 ln
449 3331 575 3406 optimo
595 3319 652 3386 illo
676 3318 757 3385 libro
779 3317 836 3385 bae
855 3321 935 3387 duae
952 3341 1052 3392 voces
1068 3343 1133 3393 non

88 3414 260 3494 legemem.
375 3423 434 3486 ne,
466 3404 560 3472 eatfi
591 3405 661 3490 quie
682 3401 859 3486 sustulerit,
885 3405 980 3488 nihil,
1003 3425 1039 3475 ut
1060 3411 1130 3494 opi·

91 3507 315 3652 ggssxrgreiqtue
328 3491 369 3558 de
385 3489 561 3569 sententia,
580 3505 685 3576 neque
705 3489 746 3556 de
761 3490 913 3558 orationis
930 3493 1132 3563 vehementia

143 3659 287 3766 Quidue
310 3663 479 3743 proximum
499 3655 725 3746 constituisset]
750 3657 997 3743 Itaemendavi,
1018 3665 1133 3734 iisdem
1256 3673 1258 3680 “
1303 3655 1315 3664 ’

96 3745 194 3814 libris
215 3739 412 3814 tulioribus:
436 3761 509 3815 cum
531 3763 622 3814 anter
638 3744 813 3830 legeretur,
835 3755 869 3812 iu
879 3751 1038 3830 proximu.
1060 3766 1132 3832 pro·

93 3838 218 3900 trimum
233 3847 339 3897 autem
361 3833 459 3910 dicit,
481 3847 631 3899 moneam
650 3846 731 3916 quae
748 3831 975 3914 antecesserat,
998 3849 1034 3900 ut
1054 3833 1135 3903 falso

90 3913 238 3984 creditit
269 3913 402 3984 silvius:
424 3917 476 3984 led
492 3935 560 3982 eam
575 3934 656 4002 quae
668 3914 814 3999 proxime
829 3915 973 3988 secutura
989 3937 1077 4002 etat,
1097 3923 1131 3990 in

88 4017 196 4090 quant
216 3998 424 4072 constituerat
438 4001 584 4073 catium
602 4002 636 4096 se
654 3999 824 4073 exiturum.
916 4033 922 4049 x
1066 4087 1103 4159 D

1106 4109 1136 4158 eo
