2802 4920
277 334 340 387 aar*
369 312 635 434 Carrtrranu.
680 316 723 385 ll.
767 317 997 396 Cenitana.
1078 333 1144 415 583
1181 305 1186 316 ⁵

26 475 36 488 '
108 483 181 551 Aut
209 473 390 558 conjuravit
408 471 562 554 Catilina,
581 489 636 540 aut
658 493 722 544 non
743 478 932 560 conjuravit.
972 481 1005 550 Si
1028 487 1140 569 conju·

107 566 215 645 ravit,
239 558 479 654 interficiendus
501 557 579 623 fuit.
604 559 706 628 sinon
731 565 930 646 conjuravit,
959 585 1000 631 ne
1016 569 1144 654 ejicien-

109 654 174 718 dus
214 648 339 714 uidem.
361 641 437 709 nuic
451 658 494 706 tta
510 640 700 728 respondet,
723 664 758 712 ut
776 647 864 714 illum
884 649 1021 718 interfici
1040 654 1141 722 debu·

109 734 173 804 isse
191 669 351 832 iateatur.
380 725 433 792 sed
457 725 602 794 ostendat
626 745 750 812 tamen,
773 733 868 817 magia
886 753 905 799 e
920 753 987 820 rep.
1017 734 1138 820 fuisse,

109 839 147 888 ut
165 829 374 884 emitteretur.
822 867 828 872 .

148 903 269 1058 gaules
292 895 352 981 esse
371 915 468 963 ornnes
492 897 675 985 oportebat]
707 895 825 998 Nam,
866 901 888 972 li
917 922 1028 972 omnes
1057 907 1136 975 talea

102 1004 238 1144 sissent?
257 999 326 1050 tum
341 982 489 1065 demum,
513 981 680 1052 Catilinam
695 983 894 1070 interlicere,
915 989 992 1056 nihil
1012 994 1135 1076 pericu·

171 1093 217 1139 urs
232 1086 276 1136 et.

156 1158 291 1227 Exultat
322 1152 359 1227 δ’
381 1149 578 1238 triumphat]
610 1149 776 1238 ostentat,
813 1157 975 1242 jactatque
1006 1156 1066 1240 se,
1106 1161 1139 1230 ἀ

110 1237 351 1330 quodammodo
372 1236 537 1320 magnifice
569 1235 602 1302 se
631 1235 738 1306 insert.
780 1239 971 1330 Triumphat
1000 1261 1105 1312 autem
1120 1291 1134 1330 ,

113 1327 199 1416 quasa
222 1323 384 1392 communi
401 1323 541 1388 omnium
559 1321 649 1388 holte
666 1321 807 1392 devicto.

154 1412 232 1482 Nan
251 1407 545 1494 comprehenderim]
568 1408 599 1472 in
619 1405 744 1474 vincula
758 1409 832 1476 duci
854 1427 918 1480 nun
938 1411 1093 1494 jusserim.

159 1489 396 1644 interemptum]
421 1489 507 1558 Libri
524 1504 666 1571 veteres,
688 1493 898 1576 interseiiam.
928 1497 1039 1581 aliquis
1059 1495 1137 1566 nihil

109 1578 263 1652 interease
302 1576 412 1644 uerit.
430 1575 507 1642 milri
524 1575 608 1658 hoc,
628 1574 715 1660 quod
734 1575 821 1646 estin
838 1581 1020 1663 veteribus,
1042 1581 1137 1668 lange

107 1667 221 1736 melius
237 1663 376 1732 videtur.
820 1723 822 1728 .

158 1751 218 1817 Sed
244 1768 334 1833 quam
359 1741 492 1832 mullas]
528 1741 607 1821 Tria
625 1744 788 1816 hominum
833 1766 925 1816 encra
949 1749 1068 1834 ponit,
1104 1749 1136 1818 in

113 1853 250 1923 quorum
271 1831 421 1900 invidiam
452 1826 631 1898 incursurus
654 1847 738 1914 erat,
770 1767 982 1900 fiffiatilinam
1001 1833 1134 1914 interfe·

111 1919 224 1988 cisset.
246 1936 342 1985 unum
361 1933 491 1992 eorum,
514 1915 589 1998 qui,
611 1913 710 2000 ipsum
729 1913 883 1985 Catilinae
903 1919 1064 1991 inimicum
1086 1937 1135 1992 esa

107 2007 165 2088 se,
193 1999 467 2092 preptereaqaod
488 2001 609 2068 eumin
632 1997 799 2068 consulatu
824 2003 973 2070 acerbum
1001 2023 1131 2090 compe·

112 2095 243 2165 titorem
263 2087 434 2163 habuerat,
455 2083 627 2172 putabant.
651 2085 807 2168 ideoque,
829 2105 910 2184 quae
935 2087 975 2154 ab
993 2089 1061 2186 ipso
1083 2089 1138 2168 de·

108 2175 272 2244 ferrentur
293 2189 358 2241 uon
383 2167 574 2249 credebant,
604 2169 691 2254 quod
710 2169 749 2234 ab
767 2169 842 2239 odio
859 2171 1015 2260 proficisci
1034 2171 1135 2240 exilit·

114 2275 263 2330 rnarent.
283 2257 415 2326 alterum
433 2271 563 2330 eorum,
585 2251 637 2336 qui
660 2253 703 2318 ita
720 2253 806 2320 stulti
827 2271 934 2337 erant,
955 2273 991 2322 ut
1005 2275 1067 2324 non
1081 2277 1138 2340 pu·

112 2360 246 2422 tarent,
266 2357 317 2406 aut
341 2339 436 2404 etiam
456 2353 492 2402 ut
519 2334 745 2402 defenderent.
770 2339 900 2406 tertium
921 2339 1057 2424 denique
1074 2343 1131 2408 im·

107 2429 286 2520 proborum
315 2423 495 2502 hominum,
523 2421 579 2506 qul
601 2420 754 2491 Catilinae
777 2422 957 2499 conatibus,
991 2427 1022 2490 δι
1042 2425 1131 2499 lnce·

105 2512 274 2606 ptionlbus
289 2505 450 2576 favebant.
1148 2529 1157 2546 ⁸

71 2600 76 2609 '
155 2597 206 2666 Aa
219 2593 377 2682 sasallera
393 2590 472 2678 illa]
498 2587 672 2692 Quamvis,
694 2590 814 2676 inquit,
835 2591 1000 2674 videbam,
1023 2609 1140 2682 quanta

108 2683 190 2754 mihi
213 2679 407 2766 impenderet
433 2675 548 2744 invidia
559 2721 572 2757 ‚
600 2673 621 2743 st
638 2675 805 2744 Catilinam
820 2693 925 2743 morte
939 2678 1135 2748 multasseme

105 2786 215 2838 tuanen
234 2759 453 2848 sijudicassem
472 2759 562 2833 fore.
586 2777 621 2828 ut
642 2760 722 2846 resp.
747 2777 852 2828 morte
867 2761 950 2828 illius
973 2765 1059 2830 oanni
1076 2749 1133 2848 'pe-

101 2854 211 2926 riculo
234 2846 480 2934 defungeretur3
510 2842 605 2912 facile
626 2845 882 2930 eontempfiasem
897 2865 993 2914 omne
1006 2868 1071 2918 non
1086 2849 1131 2918 in·

101 2939 212 3024 vidiae
227 2935 343 3014 modo,
365 2947 474 2996 verum
496 2932 590 2995 etiarn
610 2931 695 3000 vitae
714 2931 899 3016 periculum.

142 3015 356 3176 puditurum]
378 3017 463 3096 Pro,
478 3012 676 3102 judicassem.
695 3017 840 3102 enallage
861 3033 1051 3104 temporum.

163 3105 291 3174 mvidiae
309 3099 411 3186 meae]
440 3119 501 3184 qua
529 3098 603 3166 milri
626 3101 820 3168 invideretur
844 3129 863 3180 ,r
904 3121 970 3170 non
992 3123 1089 3193 quae

103 3195 179 3264 aliie
191 3188 392 3258 inviderem:
403 3185 455 3252 Sic
466 3181 567 3250 infra:
589 3183 728 3251 Invidiae
743 3205 823 3254 niem
838 3187 984 3253 serendae
1006 3123 1132 3274 causffl

95 3281 259 3360 „utroque
274 3288 379 3340 autem
394 3269 491 3336 modo
501 3269 565 3336 dici
584 3272 752 3352 inuidiam,
773 3269 906 3356 ipsemet
920 3271 1129 3358 docuitquar·

100 3383 139 3436 to
163 3356 436 3430 Tusculanarum.
467 3373 528 3439 ego
549 3371 628 3418 vero
653 3357 765 3435 video,
797 3355 896 3422 multa
917 3373 1046 3441 quoque
1071 3357 1133 3436 alia

95 3447 236 3530 nomina
262 3463 279 3510 a
312 3437 475 3507 veteribus
504 3457 544 3504 eo
573 3439 670 3506 modo
699 3440 843 3526 usurpata
869 3439 937 3506 ease
996 3439 1136 3508 Utiliter

94 3535 189 3604 enim
211 3549 278 3596 meu
297 3525 392 3622 saepe
415 3522 541 3610 quidem
569 3521 614 3589 est
628 3543 682 3602 ea,
703 3543 796 3610 quarn
814 3543 875 3622 ego
894 3525 1052 3609 percipio:
1077 3521 1133 3596 sea'

92 3615 264 3778 ffiduhng
280 3631 318 3680 eu
336 3627 465 3700 quoque
475 3655 487 3690 ,
508 3625 590 3694 quae
605 3626 645 3676 ex
661 3629 712 3678 me
729 3609 912 3696 percipitur.
961 3609 1133 3700 Terentiup

201 3719 221 3768 c
272 3722 282 3769 t

139 3904 187 3936 .-
206 3875 243 3946 in
253 3887 291 3942 eu
301 3885 335 3944 te
354 3859 549 3953 ulililutern,'
565 3864 771 3956 egusutiam,
793 3877 827 3938 ui
843 3861 1000 3956 tagutscus
1015 3837 1132 3936 meum.

653 4037 715 4106 00
735 4049 759 4118 4
1014 4033 1132 4106 Clcee
