2738 4910
252 403 387 494 Van.
449 388 802 494 anee'urn
844 381 994 510 xlm·
1057 433 1122 506 ηρ

102 585 148 651 m.
192 581 321 672 Quibus
342 581 373 648 in
396 581 503 649 verbis
524 581 659 648 dubitari
684 577 813 665 potest,
835 579 910 664 quid
933 579 973 649 fit
996 579 1120 667 lingua·

100 671 194 733 riam.
214 672 245 732 dt
272 666 445 733 Turnebus
468 667 594 752 quidem
615 665 660 732 ait
686 665 754 730 esse
769 681 929 749 tamquam
945 665 1121 752 linguarum

99 749 221 818 thecam
248 752 280 818 dt
303 751 544 837 repositorium,
564 752 594 817 in
614 767 680 836 quo
692 749 776 815 dicat
794 752 913 817 Seneca
931 748 963 816 se
981 753 1024 816 lin
1049 769 1121 820 uam

95 835 323 916 conditurum,
353 855 395 902 ne
418 851 539 924 temere
565 835 741 921 promittat.
789 834 860 919 Ego
885 851 991 902 autem
1023 769 1120 922 fonge

95 919 182 986 aliter
211 939 279 986 eam
305 938 420 986 vocent
448 921 591 1006 accipio:
612 935 717 1003 neque
736 917 866 999 dubito,
896 921 970 1004 quin
992 921 1119 1004 lingna-

95 1007 170 1070 rium
191 1003 232 1072 fit
253 1005 285 1070 id
335 1003 400 1070 uod
424 1023 484 1089 pro
510 1007 639 1090 lingua,
694 1021 750 1068 uae
775 1017 895 1070 temere
918 1004 1025 1084 locuta
1047 1001 1138 1084 est,-

92 1088 247 1172 penditur.
297 1023 398 1174 quue
429 1089 504 1158 mibi
528 1103 637 1176 aperte
657 1107 681 1154 o
707 1087 821 1154 endere
845 1088 993 1154 videntur
1018 1088 1115 1154 verba

91 1171 140 1238 ilia
157 1175 321 1254 Senecae,
347 1173 454 1239 Verba
478 1193 542 1240 mea
565 1175 728 1240 redimam:
752 1171 804 1253 de,
825 1172 945 1238 Damno
959 1169 1113 1256 castigabo
1248 1207 1251 1219 ι

90 1258 286 1341 promittendi
315 1261 526 1324 temeritatem.
572 1257 625 1326 Sic
647 1255 799 1340 vosorium
833 1255 996 1322 dicebatur
1017 1271 1115 1339 pecu·

92 1341 156 1420 nia,
178 1359 264 1427 quae
285 1359 345 1426 pro
372 1341 478 1420 vasso,
503 1343 534 1412 id
561 1341 624 1424 est,
645 1359 704 1427 pro
718 1339 901 1406 utenfilibun
918 1337 1112 1410 attribueba·

90 1441 139 1490 tur
158 1444 202 1494 ex
228 1427 349 1493 aerario
377 1426 607 1513 magistratibus
630 1427 661 1493 in
683 1425 862 1518 provinciae
881 1422 1112 1510 proficiscenti·

90 1508 153 1579 bue.
203 1511 260 1578 Sic
301 1517 451 1578 cerarium
482 1513 618 1579 vocabat
652 1509 767 1576 Verres
790 1511 983 1595 pecuniam,
1018 1527 1112 1596 quam
1254 1516 1259 1524 '

111 1594 166 1664 aad
195 1612 355 1679 procera
372 1596 530 1682 exigebat.
575 1598 626 1664 Sic
637 1593 790 1679 saluriam
810 1595 1004 1680 antiquitus,
1024 1592 1115 1677 quod

90 1612 218 1744 bruatur
243 1699 303 1766 pro
333 1680 437 1758 viem,
461 1682 493 1748 in
518 1699 583 1770 quo
608 1679 782 1766 prinoipem
807 1677 914 1746 locum
930 1679 1111 1744 tribuebant

90 1759 150 1828 sali.
191 1763 248 1830 Sic
272 1771 509 1849 unguentarium
535 1786 551 1832 a
575 1767 615 1830 nd
633 1763 762 1832 Plinium
777 1762 858 1831 libro
878 1763 1017 1830 secundo
1034 1763 1112 1847 Epi.

92 1843 254 1929 stolarum,
275 1849 362 1933 quod
389 1848 512 1918 Mariua
543 1787 665 1920 bueus
688 1847 991 1932 aprovinciatibus,·
1022 1846 1109 1931 quast

5 1999 7 2010 ,
89 1945 145 2013 pro
167 1933 336 2018 unguentis
360 1950 521 2016 exegerat.
568 1937 621 2002 Sic
645 1934 839 1999 honorarium
866 1939 988 2014 vinum,
1019 1931 1108 2018 quod

91 2014 212 2099 regibus
240 2016 271 2082 dt
341 2018 480 2086 tentibus
503 2019 631 2086 honoris
659 2017 755 2103 gratia
780 2017 925 2086 offertur.
965 2015 1048 2084 Cato
1067 2018 1110 2082 de

87 2097 262 2168 innocentia
292 2119 344 2167 ua:
369 2101 447 2169 Cum
468 2101 557 2187 essem
574 2109 607 2168 in
620 2102 1104 2190 provintiaiegatumqunmplu·

92 2181 385 2269 ruodpertum
415 2187 452 2259 ὃ
476 2186 606 2274 consults
627 2192 729 2252 vinum
754 2185 949 2251 honorarium
972 2185 1108 2254 dabunt·
1175 2188 1180 2200 '

90 2281 252 2346 numquam
279 2273 379 2352 occepi
406 2291 461 2336 aet
488 2266 628 2356 'privatas
647 2270 777 2356 quidem.
819 2271 872 2336 Sic
890 2267 1107 2346 iro'rdeariam,

89 2347 181 2430 quod
199 2351 294 2434 equiti
311 2371 366 2435 pro
382 2353 505 2422 hordeo
519 2356 558 2422 ad
576 2355 721 2422 alendum
740 2371 855 2435 equum
874 2351 1014 2418 dabatur.
1053 2353 1107 2420 sm

8 2487 10 2507 .
89 2431 231 2528 denique
250 2441 400 2518 uxmimn,
422 2457 527 2522 poena
553 2457 634 2524 quae
654 2437 784 2524 publice
807 2434 991 2520 exigebatur
1012 2434 1052 2499 ab
1068 2435 1106 2501 iis

6 2557 7 2617 3
83 2533 142 2602 qur
158 2535 274 2588 uxoren
287 2537 348 2588 non
364 2521 525 2594 haberent.
794 2531 799 2540 '
895 2522 896 2528 ’

428 2703 639 2778 Canon*
675 2701 759 2802 yl.

158 2857 213 2930 De
234 2860 379 2928 naturaie·
399 2862 529 2946 quadam
541 2861 613 2950 spei
633 2861 671 2938 δ’
692 2874 786 2928 metus
807 2821 1026 2948 caniuniiioaa·
1068 2849 1070 2854 ’
1163 2870 1165 2879 “

80 2941 183 3095 Cn
195 3048 228 3096 ra
255 3027 324 3113 spei
347 3027 426 3096 nibil
446 3049 547 3132 aeque
566 3030 747 3099 adversetur
758 3014 801 3096 ‘ae
819 3029 935 3096 timor:
956 3041 1101 3098 notatum

82 3126 177 3179 tamen
193 3113 243 3179 est
260 3111 516 3196 asapientisfimrs
531 3118 624 3197 viris,
638 3117 700 3182 ‘ubi
715 3116 819 3182 omnis
835 3113 965 3180 omnino
980 3111 1099 3182 sublate

79 3191 142 3278 spes
157 3193 223 3277 est,
246 3215 290 3264 ne
311 3197 459 3272 timorem
483 3195 610 3286 quidem
629 3197 722 3286 posse
740 3198 912 3266 subirstere.
955 3197 1096 3266 Pendeat

78 3280 152 3350 anim
166 3296 306 3368 oportet
327 3285 498 3352 metuentia
513 3288 653 3354 animus:
678 3283 733 3371 qui
752 3283 772 3348 sr
788 3284 875 3367 spei,
896 3299 962 3365 quo
978 3279 1096 3348 susten·
1154 3357 1159 3367 ¹

77 3379 176 3446 tetur,
206 3363 291 3434 nihii
321 3365 447 3452 prorsus
468 3371 623 3457 reliquunt
644 3367 706 3444 stt,
743 3367 941 3453 pianejacet.
985 3365 1092 3450 Atque

76 3445 135 3604 {ot
156 3452 327 3550 eleganter
357 3451 526 3528 admodum
552 3450 740 3546 expreefisse
754 3451 886 3538 ¹videtur
911 3447 1094 3521 adolescent

439 3709 509 3780 Vae
523 3710 629 3798 misero
645 3707 734 3786 mihi.

116 3789 164 3858 Ut
191 3792 318 3860 ammas
336 3793 374 3860 in
386 3790 446 3879 spe
461 3812 554 3884 atque
570 3801 726 3866 intimare
741 3811 834 3879 usque
853 3791 1098 3859 anacirardum·
1216 3881 1221 3886 1

42 4008 48 4034 r
107 3873 366 4134 1ιὲζῄἲέὧρ
387 3938 611 4057 ademptuspee
628 3965 690 4052 eJt,
712 3959 822 4054 iassm,
843 3918 1098 4062 1εςιτιιειηιῐσᾶιιε

407 4109 417 4124 ’
612 4127 677 4220 84
939 4106 987 4132 '¹'
1042 4119 1107 4192 lta·
