2750 4906
482 125 488 155 s

211 347 319 429 173xa
405 332 481 406 M..
538 335 581 452 A
651 333 707 402 Al
747 351 771 402 u
810 355 832 409 ι
873 353 894 410 e
935 353 1050 404 rr‘

216 501 248 564 dc
270 495 436 571 metitum,
457 505 491 555 ut
507 511 543 558 ea
559 489 665 568 caussa
680 491 712 557 in
733 491 891 578 Prytaneo
900 492 1057 581 aleretur:
1075 491 1127 574 dt,
1144 492 1247 563 linita

27 595 35 624 s
218 583 345 648 daretur
359 577 499 661 longior,
521 593 658 660 unquam
672 575 763 642 aliter
779 575 936 644 faciurum
949 592 1093 661 negarat.
1117 598 1177 662 qua
1189 583 1248 666 igi·

223 667 327 732 turdo
340 685 373 730 rc
386 661 451 747 ipse
466 659 498 725 sc
517 661 632 726 merito
646 664 787 741 amabat,
817 661 1005 746 summisque
1032 661 1159 746 :lignum
1183 665 1243 730 ho·

224 749 354 818 naribus
379 763 455 810 uere
474 745 682 828 gloriabatur:
713 745 790 829 quid
803 761 869 811 erat
887 745 1036 823 caussae,
1054 763 1111 810 cur
1127 747 1192 828 ejus
1209 749 1242 816 in

223 834 325 902 lindio
341 829 453 896 versari
476 831 559 896 lilios
574 828 700 896 nollet?
723 829 786 909 At,
806 830 892 895 dicet
910 827 1046 896 sortasse
1055 830 1181 914 aliquis:
1202 833 1247 900 ita

223 924 347 984 demum
364 935 421 982 eos
437 913 477 984 ab
504 913 745 980 Athenienlibus
773 912 886 980 ultimo
912 913 1066 1000 supplicio
1088 915 1170 982 affici
1189 933 1245 981 cn·

222 1003 292 1088 pit,
325 999 344 1068 li
368 1001 413 1068 ita
432 998 658 1083 reprehendant
678 997 773 1076 alios,
805 1013 839 1064 nt
858 998 980 1082 ipsimet
1007 997 1133 1066 interim
1157 1001 1246 1072 nihili

224 1087 300 1166 lint,
322 1085 514 1169 allatumque
536 1101 639 1148 rerum
662 1082 831 1164 majorem,
851 1101 945 1168 quam
961 1082 1109 1166 virtutis,
1135 1085 1256 1154 curam

223 1187 345 1255 gerant.
389 1173 478 1236 ltane
500 1165 647 1254 quaeso?
668 1167 720 1233 Sic
746 1185 873 1252 quoque
892 1183 949 1233 eos
968 1183 1074 1236 morte
1101 1169 1247 1252 multari,

131 1265 138 1286 ‘
225 1272 319 1340 quam
336 1253 511 1325 admoneri,
531 1250 699 1338 :recorrigi
718 1251 864 1319 mavult?
884 1270 955 1318 nam
973 1251 994 1334 fi
1011 1251 1131 1320 diceret
1147 1253 1179 1319 se
1195 1274 1249 1342 pe·

140 1349 144 1360 ·
227 1354 325 1419 tere,
352 1339 484 1423 primum
515 1353 549 1400 ut
571 1335 661 1402 liberi
691 1334 763 1416 sui,
791 1335 813 1404 st
837 1337 912 1422 quid
935 1352 1120 1423 peccarent,
1142 1359 1246 1426 repre·

224 1423 457 1506 henderentnr,
485 1435 581 1502 atque
600 1421 836 1506 increparentur
859 1419 1044 1508 diligenter:
1064 1422 1198 1506 deinde,
1222 1424 1244 1492 st

226 1508 409 1573 viderentur
430 1505 471 1570 ita
498 1503 681 1590 depravati,
716 1519 750 1567 ut
773 1503 888 1591 corrigi
908 1525 972 1574 non
996 1503 1149 1590 possent,
1182 1511 1249 1576 vita

225 1593 422 1678 privarentur
448 1589 596 1674 durique:
627 1607 691 1654 non
708 1587 888 1666 inhonesta,
912 1609 1017 1687 neque
1029 1589 1128 1657 aliena
1143 1593 1248 1676 perso·

227 1695 288 1743 nae
306 1672 446 1744 Socratis
459 1670 540 1737 esset
563 1672 685 1738 oratio.
706 1669 803 1740 sed&
822 1675 919 1740 multa
933 1674 992 1740 alra
1011 1674 1155 1759 prosette
1177 1697 1249 1762 pos·

224 1760 310 1836 sem,
334 1757 447 1843 quibus
465 1757 529 1840 ejus
553 1756 727 1824 sententiae
751 1758 922 1825 absurditas
940 1757 1172 1826 ostenderetur:
1193 1761 1248 1831 nili
1288 1757 1295 1770 ’

225 1841 321 1911 satius
348 1842 516 1920 ducerem,
546 1841 583 1906 iis
606 1839 747 1922 omisis,
780 1845 948 1910 veritatem
970 1841 1063 1926 ipsam
1079 1843 1154 1910 dete
1174 1865 1250 1928 cre,

227 1928 315 2010 cujus
334 1926 487 2012 splendor⁸
495 1924 599 2011 exigui
625 1925 738 1990 erroris
761 1927 916 1994 nubecula
933 1926 1137 1998 obumbratus
1153 1866 1250 1996 illan.

225 2011 283 2080 stlii
304 2009 524 2096 aciemfugit.
570 2007 634 2074 Ubi
664 2007 745 2074 eninr
771 2017 902 2082 ausen„
919 2009 1060 2094 vulgoie
1082 2012 1184 2094 imus,
1204 2013 1249 2080 le·

224 2095 359 2180 gendum
384 2093 430 2160 csl
447 2099 591 2164 aivam.
618 2111 678 2179 qna
706 2095 824 2160 tantula
850 2093 1026 2164 mutatione
1051 2031 1252 2182 tiripturae,

208 2195 343 2263 ,quanta
365 2177 419 2246 fiat
433 2177 610 2244 sentcntiae
630 2178 781 2248 mutatio·
805 2179 984 2244 videamus.
1007 2181 1070 2246 hoc
1089 2180 1171 2244 enim
1197 2181 1247 2246 di-

225 2266 273 2330 cit
292 2265 455 2330 Socrates:
486 2262 571 2330 Peto
596 2263 744 2338 avonis,
771 2263 999 2343 Athenienses,
1021 2284 1092 2332 cum
1112 2264 1168 2330 filii
1188 2267 1253 2334 anci

226 2348 445 2428 adoleverint,
474 2361 509 2409 ut
530 2363 586 2410 eos
611 2343 826 2426 ulciscamini,
856 2347 979 2412 easdem
1009 2348 1069 2414 illis
1094 2349 1252 2416 molestias

227 2432 443 2509 exhibentes,
477 2447 555 2515 quas
578 2447 638 2514 ego
665 2431 756 2496 vobis
782 2429 931 2496 exhibere
955 2431 1197 2500 consueveram:
1228 2433 1249 2502 sr

226 2533 282 2582 ant
301 2517 468 2600 pecuniae,
491 2528 545 2578 ant
562 2513 654 2582 ullius
679 2515 810 2582 omnino
830 2516 895 2596 rei,
915 2534 1007 2598 quam
1024 2515 1167 2597 virtutis,
1189 2513 1251 2583 stu·
1277 2535 1282 2540 ·

226 2601 379 2668 dlosrnres
395 2599 461 2665 case
475 2597 653 2664 uideantur.
679 2600 863 2686 Quas-enim
882 2599 1001 2667 solebat
1018 2599 1166 2668 exhibere
1182 2620 1251 2668 mo.

227 2681 589 2752 lcilias'Athcnienlibns
606 2681 778 2747 Socrates?
797 2683 986 2750 admonebat
1004 2703 1078 2766 cos,
1098 2685 1246 2768 urgebat,

228 2767 387 2846 instabat,
408 2784 448 2830 ne
466 2753 558 2840 illlam
583 2781 648 2830 rern
663 2766 781 2838 virtute
803 2767 962 2850 potiorem
985 2767 1052 2834 esse
1079 2767 1250 2836 ducerent:

225 2869 313 2920 neve
325 2851 492 2934 quicquam
512 2845 594 2910 illius
613 2846 980 2934 studiopraevertendum
999 2867 1163 2938 putarent.
1179 2871 1250 2922 ean·

228 2937 301 3002 dem
335 2934 429 3018 igitur
455 2926 627 2998 molestiam
655 2931 726 3001 filiis
752 2933 813 3000 suis
845 2933 985 3002 exhiberi
1014 2937 1121 3022 cupit.
1141 2937 1252 3023 itaque

227 3019 331 3086 addit:
361 3013 500 3108 Quodsi,
531 3013 618 3080 nihili
644 3034 715 3082 cum
741 3015 823 3098 srnt,
845 3019 960 3105 aliquid
988 3031 1092 3088 tamen
1124 3024 1191 3088 csse
1215 3021 1251 3086 sc

225 3099 430 3170 existiment:
456 3098 645 3182 exprobrat:
664 3101 726 3179 eis,
748 3115 783 3166 ut
801 3119 863 3188 ego
885 3104 996 3186 vobis,
1017 3105 1104 3191 qnod
1124 3126 1188 3173 uon
1215 3107 1248 3174 in
1310 3142 1312 3152 ·

226 3190 285 3267 iis,
305 3188 335 3252 in
352 3186 466 3270 quibus
479 3199 630 3268 oportet,
645 3183 777 3250 studium
793 3187 974 3256 collocent:
995 3191 1161 3277 quodque,
1182 3189 1254 3258 nul·
1303 3227 1309 3274 μ

225 3273 250 3341 li
275 3271 367 3356 pretii
388 3289 458 3336 cum
482 3267 562 3350 snt,
592 3268 709 3354 aliquid
736 3268 768 3336 se
781 3269 847 3338 esse
862 3273 1064 3341 arbitrentur.
1107 3273 1146 3342 ld
1166 3275 1251 3342 enim

119 3370 122 3380 “
229 3355 262 3425 se
281 3353 395 3422 fecisse
410 3353 540 3434 ipsemet
551 3351 688 3420 dixerat:
704 3371 775 3420 cum
793 3373 867 3438 eos,
880 3358 935 3440 qni
949 3357 982 3423 se
993 3357 1144 3444 sapientes
1156 3375 1250 3442 puta·

145 3459 147 3470 ·
229 3443 334 3522 bant,
373 3435 466 3523 longe
493 3437 600 3506 abesse
623 3455 639 3504 a
664 3436 811 3522 sapientia
833 3439 1021 3509 ostenderet.
1073 3443 1251 3528 Sequitur:

232 3526 326 3594 Hace
354 3523 374 3590 fi
401 3521 558 3588 feceritis:
581 3537 657 3604 ¹turn
676 3525 705 3590 dt
726 3523 800 3590 milri
821 3525 939 3592 &filiis
956 3527 1032 3596 arcis
1051 3526 1082 3593 id
1101 3527 1189 3612 quod
1201 3527 1253 3612 iu·

230 3608 311 3677 stum
325 3607 389 3690 est,
412 3605 600 3675 tribueritis.¹
635 3606 717 3673 Mihi
746 3609 889 3694 qtddem:
911 3612 1057 3696 quopiam
1081 3613 1169 3697 quod
1188 3631 1253 3700 ego

180 3737 185 3752 .
231 3693 420 3762 beneficium
434 3694 464 3758 in
478 3711 535 3756 vos
547 3691 688 3769 contuli,
703 3693 733 3758 id
748 3713 806 3759 vos
817 3693 990 3762 conferetis
1005 3697 1036 3764 in
1049 3697 1133 3764 filio't
1147 3716 1249 3767 meos.

229 3777 310 3864 lpie
322 3791 445 3844 autern:
467 3777 613 3860 quoniam
629 3775 773 3842 afficietis
790 3779 870 3855 ilios„
888 3798 923 3844 ea
945 3798 1074 3863 poena,
1103 3801 1184 3868 quae
1203 3801 1251 3848 er·

228 3863 369 3930 rantibus
384 3861 489 3926 debita
505 3859 564 3926 cst.
594 3876 743 3942 quaenam
764 3879 867 3927 antem
882 3881 982 3948 poena
1004 3865 1054 3932 illa
1071 3863 1128 3947 fit,
1149 3877 1168 3932 e
1187 3867 1251 3950 pri·

230 3965 285 4016 mo
300 3953 420 4028 marn·
438 3941 633 4040 cognoscere
651 3941 711 4012 est:
735 3944 788 4012 ubi
804 3963 876 4012 cam
900 3947 1135 4040 'stosymacbus
1159 3969 1256 4037 quar>

1202 4037 1254 4105 fle·
