2798 4896
265 365 328 441 164
473 351 525 420 Mu
604 347 1074 456 ArkMuunnr

271 509 333 606 inm
352 513 663 614 pridemdiligenter
674 514 850 604 ponderans
865 515 978 587 Paulus
995 518 1155 586 Manutius
1169 521 1289 604 judica·

272 614 382 686 verat,
400 605 438 672 ali
462 599 514 666 urd
539 602 608 665 uitir
636 597 759 666 subesse
778 602 809 667 in
832 620 940 682 voce,
981 609 1119 670 rumino:
1142 605 1287 672 ollonde-

273 708 384 773 ratque
398 678 428 754 se
439 621 588 764 ‘inspienti
598 730 610 766 ‚
631 687 689 768 pro
704 690 849 770 gremino
861 686 950 771 legen
997 705 1027 752 m
1041 689 1178 770 praedio.
1200 690 1291 756 Mul·

276 794 317 840 trs
329 772 414 838 aunis
433 767 524 855 post,
547 769 583 838 Ρ.
603 767 760 834 Victorius
779 768 831 833 lib.
846 790 890 835 vr.
916 771 1075 839 Vatiurum
1096 771 1287 854 lellionum,

274 856 431 940 vulgatam
458 851 638 938 scripturum
669 849 842 918 defendere
874 871 1008 920 conatus
1033 853 1102 932 est,
1133 857 1285 942 planeque

276 938 516 1025 pronunciavit,
537 955 602 1001 eam
623 935 738 1001 mondo
760 954 867 1000 carere
930 936 1065 1004 Duobus
1083 955 1186 1005 autem
1202 959 1292 1025 argu·

276 1024 392 1090 mentis
412 1024 444 1088 id
471 1019 603 1106 probat.
632 1020 791 1104 primum,
819 1019 905 1103 quod
928 1041 1055 1104 gramen
1082 1041 1145 1089 non
1169 1041 1305 1090 tuntum·

277 1109 381 1174 valeat
401 1121 519 1172 certam
547 1103 695 1186 herbam,
718 1123 810 1190 quarn
829 1105 927 1186 rigum
945 1102 1058 1172 Gracci
1079 1123 1214 1188 vocant,
1235 1105 1288 1173 scd

278 1194 352 1258 alias
368 1191 461 1258 ctiam
475 1187 636 1269 ostendar,
658 1187 826 1273 exquibus
847 1185 978 1254 foenum
997 1191 1140 1274 cogitur.
1160 1191 1292 1270 deinde,

282 1277 367 1356 quod
385 1276 501 1344 Cic'ero
518 1269 1057 1340 lib.sccundoDeNaruradeorum
1073 1276 1235 1343 decadem
1256 1292 1303 1352 re¹

281 1361 459 1445 disputans,
481 1359 524 1424 ira
538 1354 707 1442 scripserit:
733 1355 831 1422 Ptolo
849 1355 884 1427 &l
899 1377 996 1435 orsa,
1013 1357 1050 1430 (9⁹
1062 1361 1207 1442 pecudum
1220 1379 1290 1446 gre·

202 1464 205 1472 ’
279 1466 333 1528 ges
355 1444 527 1526 diliguntur
547 1440 601 1524 illo
626 1440 729 1519 modo,
750 1439 827 1535 quod
836 1437 960 1519 storius
981 1461 1019 1508 ex
1043 1441 1092 1508 lrt'r
1113 1448 1289 1531 capiuntur.

281 1527 367 1596 Mihi
387 1525 517 1594 difficile
534 1527 563 1592 dr
583 1525 714 1588 arduum
728 1522 872 1602 videtur,
893 1523 1047 1592 uduobus
1066 1525 1218 1607 eiusmodi
1235 1527 1296 1593 ho-

281 1609 416 1685 minibus
432 1605 613 1676 dissentire:
636 1625 770 1690 quorum
791 1620 977 1694 utrumque,
998 1625 1034 1674 ut
1055 1609 1177 1690 debeo,
1200 1612 1296 1695 pluri·

278 1698 320 1764 ml
344 1691 446 1774 facio,
463 1695 594 1756 alterurn
615 1692 711 1757 eriam
726 1689 950 1761 incredibiliter
969 1691 1088 1780 diligo.
1115 1692 1170 1760 sed
1188 1709 1295 1764 tamen

282 1780 374 1865 quia,
396 1770 481 1862 quod
497 1775 537 1840 de
557 1773 589 1840 se
607 1773 795 1840 forrlslmms
817 1775 872 1840 ille
885 1772 1094 1858 Troianorum
1107 1779 1189 1863 apud
1205 1779 1298 1846 Euri·

283 1865 388 1952 pidem
405 1862 505 1940 diest,
529 1890 623 1908 —--
647 1869 718 1929 trra·
734 1861 818 1933 slyr„
838 1867 870 1921 τ’
893 1859 996 1932 inter,
1017 1859 1091 1940 alil,
1111 1869 1140 1942 κ’,
1160 1866 1179 1928 ι’
1199 1863 1301 1932 built

283 1951 375 2022 ulons·
401 1943 489 2026 iulg,
519 1961 585 2008 non
609 1939 734 2025 possum
753 1942 907 2022 reticere,
932 1943 1006 2027 quid
1034 1945 1110 2010 milri
1136 1945 1295 2026 videatur.

283 2027 423 2100 Primum
449 2027 566 2112 igitur.
601 2044 656 2091 cur
686 2025 819 2094 victorii
842 2025 1024 2094 sententiam
1051 2045 1113 2096 non
1135 2027 1295 2112 probem.-

280 2113 437 2202 postcom
460 2109 607 2176 blunutio
626 2127 762 2194 agemus.
806 2107 892 2195 Quid
909 2109 1003 2196 igitur
1015 2112 1058 2178 air
1078 2113 1176 2181 bomo
1191 2113 1298 2178 erudi·

283 2198 418 2266 tissimus
433 2193 623 2266 ,Villor'usl
650 2195 784 2260 Gramen
792 2196 916 2278 proprie
928 2195 1053 2280 quidem
1065 2195 1131 2264 esse
1144 2215 1213 2262 cunr
1224 2195 1298 2264 ber·

282 2285 377 2359 bum,
403 2297 496 2364 quam
527 2275 639 2342 Graeci
659 2275 757 2360 alx-w
778 2295 922 2346 vocent:
959 2279 1116 2348 interdum
1138 2281 1301 2350 eumenid

283 2384 400 2436 nomen
417 2379 525 2448 patere
545 2361 658 2440 latius,
678 2362 721 2425 ica
737 2375 772 2425 ut
793 2362 1082 2446 complebaturcas
1100 2383 1210 2432 omnes
1227 2363 1300 2432 her·

290 2449 346 2520 l'nas
361 2470 379 2516 e
397 2447 511 2533 quibus
526 2446 655 2532 cogitur
666 2442 817 2510 foonuur.
839 2445 926 2532 quod
962 2447 1120 2516 uidemita
1135 2445 1222 2532 esse,
1235 2468 1292 2516 ne·

286 2556 343 2603 mo
367 2527 489 2608 nescir,
520 2547 629 2595 eorum
657 2529 840 2604 dumtaxat.
870 2531 923 2615 qui
988 2533 1120 2599 tinorum
1138 2527 1299 2618 literarum

284 2620 412 2706 penitus
432 2613 523 2680 rudes
546 2631 608 2678 non
630 2611 712 2679 finr.
735 2609 867 2678 foenum
886 2613 951 2679 erse
966 2631 1151 2700 oporteret,
1171 2609 1302 2703 liquis,

289 2705 344 2786 qul
370 2699 515 2766 tractaret
537 2697 663 2772 literas,
683 2697 720 2759 ad
741 2696 819 2760 hanc
838 2712 903 2762 rem
922 2699 1055 2766 doflore
1074 2716 1190 2786 egeret.
1233 2698 1298 2770 se‘d

287 2785 366 2854 illud
380 2797 510 2864 quoque
526 2778 760 2872 intelligendum
779 2777 840 2858 est,
852 2781 939 2864 quod
957 2781 1134 2866 Victorius,
1156 2783 1301 2868 caussae,

284 2885 320 2938 ut
336 2868 468 2952 opinor,
481 2860 637 2940 serviens,
652 2860 756 2928 omrlic
772 2862 897 2947 dicere,
911 2865 974 2932 hoc
986 2867 1158 2952 posteriore
1173 2867 1296 2956 modol,

289 2951 433 3040 gmminis
452 2947 581 3014 nornine
597 2944 679 3012 solos
701 2949 746 3012 uti
767 2953 893 3032 po'e'tas:
915 2951 1010 3036 idque
1030 2953 1302 3036 eademlicentia,

289 3056 351 3123 qua
380 3047 482 3100 norum
514 3050 572 3115 pro
594 3030 736 3111 quolibet
758 3047 876 3129 vento,
893 3051 951 3117 pro
973 3036 1114 3121 qualibet
1125 3038 1237 3104 arbore
1253 3041 1304 3120 pi·

291 3141 362 3189 nurrr
381 3116 558 3197 interdum,
578 3119 769 3182 autabiertrr
783 3117 909 3184 dicunt.
929 3137 1022 3203 quam
1043 3121 1202 3189 licentiam
1223 3141 1306 3190 nun.

292 3223 386 3292 quarn
405 3199 460 3270 stbi
483 3199 702 3283 sumplissent,
730 3201 783 3283 qui
813 3199 912 3268 soluta
939 3210 1083 3273 oratione
1105 3204 1307 3278 scribebant:

290 3292 322 3358 dt
345 3288 474 3356 minime
498 3283 666 3368 omnium,
687 3281 743 3350 nili
764 3281 877 3366 fallor,
910 3281 1045 3358 Cicero.
1072 3311 1141 3358 narn
1166 3291 1252 3376 quod
1273 3293 1310 3364 in

294 3376 360 3458 eius
379 3367 500 3453 scriptis
518 3365 666 3456 nusquam
683 3366 746 3464 hpc
760 3387 875 3436 nomen
893 3369 1026 3457 legitur,
1046 3373 1099 3444 nisr
1113 3373 1185 3456 nic,
1206 3373 1308 3445 dubio

292 3460 323 3524 dr
344 3447 553 3522 controverso
573 3451 667 3532 loco,
698 3453 729 3518 rd
758 3451 811 3520 etsr
837 3468 957 3524 tanturn
979 3455 1084 3526 valere
1102 3479 1167 3526 non
1186 3459 1309 3544 debet,

291 3559 329 3609 ur
353 3541 431 3606 lraec
457 3554 522 3603 vox
545 3552 710 3620 propterea
736 3553 958 3624 expungatur:
984 3539 1109 3628 (multa
1129 3544 1211 3612 enim
1232 3544 1308 3614 sunt

291 3627 371 3712 apud
393 3623 582 3691 Ciceronem
602 3621 781 3704 linguluriu,
802 3625 834 3688 dc
851 3642 958 3708 magua
975 3643 1044 3710 pars
1069 3628 1219 3696 librorum
1236 3629 1307 3715 ipfi-

291 3731 327 3777 us
345 3705 528 3792 intercidit)
550 3721 614 3772 non
637 3705 796 3788 immerito
818 3721 939 3788 tamen,
967 3729 1040 3779 cunr
1055 3711 1233 3802 praesertim
1250 3715 1310 3782 alia

269 3818 278 3835 ·
292 3805 499 3870 concurrant,
520 3785 699 3872 scripturam
716 3787 883 3858 reddiderit
897 3787 1130 3878 nspectlorem.
1171 3797 1312 3866 Victori·

294 3899 333 3946 us
348 3892 456 3954 certe,
477 3891 571 3958 quem
592 3891 652 3956 ego
666 3873 800 3944 libenter
817 3873 976 3944 aublorem
990 3899 1028 3950 ac
1042 3883 1154 3952 ducem
1169 3881 1307 3962 sequor,

292 3967 355 4034 lroc
373 3971 556 4068 argumento
573 3963 689 4041 utitur,
710 3971 778 4025 ure
798 3960 935 4042 quodam
951 3961 1025 4036 loco
1045 3989 1084 4040 ex
1106 3965 1310 4118 φίΙὶοΙῑεῙάες

472 4069 478 4086 ·
899 4069 904 4076 ·
1051 4083 1054 4091 ·
1259 4067 1316 4118 eat
