2774 4900
275 293 344 380 hro
494 285 546 355 M·
606 283 666 355 n.
744 283 1106 370 hlonnrt

339 409 398 527 ἐι
438 449 1040 536 ΒΕιιίιοιιιΤιιιι,,ιτ
1081 452 1259 528 arur.

318 611 407 704 Quae
427 609 467 682 de
495 611 570 678 Alli
591 629 610 678 a
629 609 722 678 variis
745 609 972 694 scriptoribus,
996 611 1168 697 Diodoro,
1194 613 1305 682 Pausa·

275 695 346 775 nia,
376 696 533 776 Eusebio,
566 695 730 776 hroobio,
757 691 958 780 Augustino,
988 699 1139 780 Ouidio,
1168 699 1304 790 aliisque

274 782 360 844 varie
374 780 491 868 scripta·
507 777 601 860 suot,
622 797 813 864 congerere,
835 777 972 860 infiniti,
996 787 1048 863 dt,
1068 785 1100 854 ni
1113 781 1235 865 fallor,
1261 785 1304 852 le.

274 866 508 948 gentibus-non
533 865 661 932 nimium
688 863 815 948 jucundi
838 865 953 933 laboris
975 863 1081 940 foret:
1115 869 1301 952 praesertim

165 974 170 982 ·
273 966 345 1012 cunr
376 969 412 1016 en
443 951 505 1033 jarn
528 950 633 1017 ornnia
658 949 708 1015 alii
734 947 877 1032 plerique
905 949 1042 1020 studiose
1064 953 1302 1038 diligenterque

275 1033 484 1120 collegerint.
505 1039 654 1118 quocirca
672 1031 743 1100 satis
758 1031 900 1110 habebo,
925 1041 1086 1120 poematis,
1099 1037 1192 1120 hujus
1206 1058 1297 1124 argu·

272 1135 416 1186 mentum
433 1121 573 1188 breviter
590 1120 746 1202 indicare.
772 1118 803 1182 id
825 1117 869 1184 est
886 1116 953 1204 ejus
969 1120 1074 1186 modi:
1099 1113 1185 1192 Ctrt'n
1209 1119 1298 1190 Attis

190 1281 198 1288 ⁸
269 1203 303 1268 io
322 1221 434 1272 nemus
457 1205 598 1290 Cybelae
616 1203 734 1270 sacrorn
755 1197 912 1282 uenisset,
936 1221 1046 1290 magna
1069 1208 1227 1276 comitum
1246 1206 1297 1274 sti·

269 1305 363 1374 putus
385 1309 501 1370 rnanu,
535 1287 644 1354 furore
662 1293 851 1369 correptus,
886 1286 988 1354 virilia
1008 1307 1190 1374 amputante
1210 1290 1297 1362 fibi.

271 1373 355 1440 idern
383 1373 492 1442 fecere
520 1371 618 1440 ceteri
642 1389 790 1457 quoque,
812 1370 956 1454 quicum
972 1389 1012 1440 eo
1032 1391 1205 1442 venerant.
1226 1391 1296 1442 tunt

271 1477 329 1543 per
350 1459 478 1545 aliquod
506 1475 651 1540 ternpus,
678 1473 714 1520 ut
738 1470 806 1520 nros
832 1451 988 1522 sacrorum
1014 1453 1158 1536 ferebat,
1181 1461 1296 1526 turnul-

271 1543 376 1622 tuati,
407 1543 666 1612 obdormierunt.
702 1535 939 1624 expergefatlus
961 1541 1071 1616 Attis,
1102 1563 1174 1610 com
1198 1544 1238 1612 ad
1263 1543 1295 1610 le

273 1625 430 1711 redisset,
454 1627 560 1712 coepit
582 1623 741 1693 lamentari
766 1621 982 1690 conditionem
1003 1625 1089 1692 suarn
1135 1631 1293 1711 etiamque

273 1713 313 1777 de
328 1713 495 1797 repetenda
510 1708 608 1795 patria
625 1705 802 1805 cogitabat:
822 1725 894 1774 curn
913 1707 1037 1796 Cybele
1046 1699 1061 1792 ,’
1076 1675 1207 1794 objecto
1223 1711 1292 1780 leo·

275 1815 335 1872 ne,
356 1817 428 1866 curn
449 1794 491 1862 ita
507 1790 746 1880 perterrefecit,
771 1807 806 1856 ut
823 1791 863 1858 ab
879 1792 992 1860 ultirno
1009 1795 1134 1875 littore,
1153 1816 1222 1880 quo
1227 1797 1291 1882 jarn

272 1881 484 1970 processerat,
511 1879 623 1944 iterun
645 1876 674 1944 in
704 1875 1055 1960 nonorisopacitatcm
1080 1881 1293 1960 compulerit:

272 1965 325 2031 ubi
337 1955 432 2034 onrne'
446 1963 600 2048 reliquum
612 1962 698 2026 vitae
716 1957 846 2044 spatium
863 1961 983 2050 exegit.
1018 1961 1112 2030 Porro
1129 1961 1211 2028 haec
1227 1965 1291 2031 Ca·

271 2049 340 2118 tulli
360 2051 494 2121 narratio
510 2067 574 2116 non
590 2047 743 2112 convenit
759 2063 831 2112 cunr
848 2043 903 2122 iis,
924 2065 1005 2132 quae
1023 2043 1061 2112 de
1081 2044 1145 2112 lltti
1159 2047 1210 2114 alli
1223 2063 1292 2112 tra·

273 2135 436 2213 uiderunt.
466 2132 520 2202 sed
546 2150 587 2200 ne
609 2124 667 2224 alii·
683 2127 810 2226 quidem
833 2129 916 2198 inter
939 2129 971 2198 se
989 2130 1198 2200 converiunt.
1218 2131 1292 2200 fieri

271 2223 396 2308 potest,
415 2237 453 2288 ut
475 2219 528 2286 vel
550 2215 629 2286 alios
648 2221 706 2304 lcrr
730 2229 816 2282 toret
834 2211 960 2285 secutur
977 2213 1034 2295 lit,
1055 2215 1107 2301 qui
1125 2235 1211 2284 nunc
1226 2235 1293 2288 non

274 2323 406 2390 extant,
434 2303 487 2372 vel
506 2301 667 2370 treunam
749 2297 816 2367 aliis
839 2297 977 2366 fabulam
1000 2296 1057 2366 suo
1074 2297 1139 2385 ipse
1153 2303 1292 2390 quodam

272 2395 372 2460 modo
397 2389 530 2458 nauare
554 2383 706 2452 voluerit.
752 2381 1127 2534 Devolvtrffitbscidit,
1148 2386 1242 2453 itaut
1261 2389 1289 2454 in

271 2493 386 2545 terram
397 2472 654 2542 devolverentur.
698 2464 878 2554 Pandara‚]
902 2482 936 2533 te
963 2468 1075 2538 iculos.
1114 2469 1291 2552 Acutasslt'·

273 2567 351 2651 ιι,]
375 2559 474 2628 Samia
492 2555 587 2622 testa.
614 2571 681 2620 eam
696 2551 778 2618 enirn
794 2549 831 2618 ad
851 2553 914 2616 hoc
934 2549 1136 2622 ministerium
1155 2555 1290 2624 adhiberi

274 2647 425 2726 solitam,
445 2656 558 2708 notum
574 2633 629 2704 est.
671 2635 746 2704 Sine
770 2635 876 2722 uiro‚]
898 2635 1011 2704 fineen
1024 2654 1135 2721 parte,
1156 2659 1219 2725 qua
1233 2641 1288 2706 viri

273 2735 389 2803 sumus.
412 2725 573 2812 ,cttntal
601 2719 709 2786 facete
735 2736 837 2787 mutat
862 2721 1095 2808 genus3quod
1118 2723 1205 2791 Attis
1228 2743 1288 2790 mas

272 2817 405 2902 amplius
425 2829 489 2878 noo
507 2804 600 2874 esset.
647 2803 726 2868 Leve
749 2803 956 2892 tympanum]
992 2805 1064 2887 alii,
1077 2810 1177 2878 ‚breve
1198 2823 1291 2874 crota·

154 2887 161 2902 ·
273 2897 356 2981 zum,
383 2894 469 2980 quod
493 2909 556 2957 non
578 2887 736 2972 improbo.
786 2889 837 2967 Si,
867 2890 930 2954 lert
959 2901 1160 2976 lympanum,
1190 2893 1289 2978 ¹⁶8⁸&

270 2973 437 3140 {lllcendurn
459 2977 518 3042 erit
548 2991 733 3059 tympanum
762 2973 862 3058 prima
888 2989 1063 3069 correpta,
1095 2993 1132 3041 ut
1155 2975 1188 3046 dt
1213 2977 1288 3064 apud

286 3081 469 3141 poterunt,

351 3189 369 3278 ᾖ
386 3182 530 3272 necutiante,
549 3181 684 3264 viperina·
704 3180 732 3245 τ’
751 3179 836 3261 iunci,
857 3181 903 3244 ed·
923 3211 950 3246 τι
970 3187 1061 3262 pedm
1083 3185 1182 3252 alab.

314 3323 399 3391 Leuc
415 3311 621 3400 tympanum]
646 3311 722 3394 alii,·
750 3322 942 3394 cunipertum,
971 3313 1089 3380 rulant.
1107 3331 1171 3396 ego
1186 3311 1217 3380 io
1232 3310 1292 3396 Cy·

270 3397 361 3480 beles'
376 3401 467 3469 sacris
484 3397 587 3467 iaham
601 3395 772 3462 adhibitam
785 3413 848 3460 non
869 3413 969 3482 put0.
990 3394 1067 3462 hacc
1084 3413 1190 3466 autern
1208 3413 1291 3480 repe·

271 3498 345 3563 titio
366 3483 473 3556 nescio
496 3481 572 3570 quid
594 3481 709 3566 habere
733 3478 864 3562 lepidius
885 3479 1020 3550 videtur.
1077 3481 1146 3551 Tuo
1168 3478 1289 3564 initia]

273 3582 390 3653 initio,
422 3569 506 3637 sacra
532 3565 595 3651 ipsa
615 3565 779 3636 dicuntur:
809 3562 932 3632 sedhic
955 3563 975 3634 h
1000 3563 1110 3634 nificat
1132 3583 1189 3648 ea,
1216 3581 1290 3652 quae

271 3660 456 3732 adhibentur
472 3654 504 3720 in
523 3649 625 3718 sacris.
672 3649 776 3734 Terga
791 3651 875 3716 tauri
892 3585 1215 3749 cavoitympanugn.
1236 3663 1290 3714 ttr-

271 3771 318 3903 ιι
334 3755 540 3920 relatae?
556 3731 912 3916 teet-calluit
925 3733 1173 3898 ellatur?
1193 3733 1290 3906 hh?

276 3933 384 4006 erepta
400 3908 569 3987 virilitate,
592 3902 775 3972 rnulrenbus
787 3919 913 3988 ponus,
934 3919 1028 3987 quarn
1043 3905 1296 4052 normanum}-i

1210 4005 1264 4054 ran
