2774 4900
283 343 340 394 un
380 325 692 430 Creu-tuum
728 325 1005 432 Commbnr.
1097 353 1161 426 75³

167 495 727 585 .to.PUERUM
786 497 1014 570 SUUM.

45 677 53 696 ·
162 651 313 740 Minister
329 653 425 730 uetuit·
438 668 516 740 puer
534 651 699 742 Falerni]
725 656 777 722 lric
793 677 852 724 una
871 677 955 725 voce
975 679 992 728 a
1015 657 1145 744 Graecir

117 735 257 822 «inpio,
276 759 294 804 a
318 739 441 806 Latinis
462 739 626 822 pocillator
647 741 765 808 dicitur
777 786 788 820 ,
812 759 885 824 aut,
905 763 939 810 ut
954 745 1034 826 bic,
1056 752 1146 825 numi,-

113 821 203 917 [ἢν.
231 842 302 918 uam
324 823 354 890 dt
375 825 406 890 in
431 823 490 890 hac
509 841 544 888 re
565 823 764 909 ministrandi
780 829 913 894 verbum
943 833 1070 916 proprie
1091 832 1141 912 ad·

113 908 246 988 modum
264 909 404 996 ponitur.
449 907 564 976 Cicero
582 909 607 976 F
609 908 822 985 iumentariaz'
835 916 908 978 Cum
925 918 958 980 in
977 923 1019 982 tis
1037 920 1140 983 conrii·

115 997 179 1074 uiis
193 988 378 1082 symphonia
403 1007 546 1073 tumeret,
576 1000 780 1080 maximisque
807 999 925 1080 proriis
949 997 1139 1083 ministrare·

117 1091 183 1144 tur.
228 1079 339 1166 ingere
356 1079 430 1166 mi]
453 1093 507 1144 aut
527 1080 685 1154 notandus
707 1079 752 1154 est
767 1081 912 1168 dadylus
924 1083 955 1150 in
974 1087 1071 1166 prima
1088 1084 1136 1160 se-¹

115 1161 176 1228 de:
206 1180 260 1230 uut
281 1183 363 1250 pro,
390 1167 516 1246 ingere,
548 1165 735 1251 legendum,
764 1171 866 1250 inger.
909 1168 1029 1234 Calices
1054 1191 1138 1238 amu·

111 1249 255 1332 rimus,]
279 1248 488 1328 meraciore,
510 1246 541 1312 ἃ
562 1248 743 1316 vetustioris
759 1251 824 1319 vini
836 1299 846 1332 ,
869 1252 901 1318 in
922 1269 988 1340 quo
1005 1251 1137 1338 sentitur

106 1351 231 1416 amaror
243 1335 377 1419 quidam
399 1331 500 1418 sapor.
539 1333 617 1400 Erat
634 1351 740 1402 autem
752 1336 838 1419 ,haec
856 1357 874 1402 a
895 1333 1027 1408 Graecis
1043 1339 1136 1424 dulia

108 1415 337 1497 consuetudo,
367 1418 562 1514 procedente
585 1420 739 1487 convivio
758 1465 769 1498 ‚
791 1420 943 1504 poscendi
967 1424 1136 1504 majoribus

107 1499 252 1581 asiidue,
274 1501 540 1570 &meracionbus
554 1503 693 1585 poculis.
715 1505 804 1586 cuius
821 1505 1057 1579 consuetudinis
1067 1508 1134 1578 five

107 1585 288 1652 Alexander
301 1585 563 1673 Aphrodifienlis,
585 1589 652 1655 sive
666 1588 735 1674 quis
752 1587 830 1655 alius
848 1589 957 1656 auiior
969 1589 1013 1658 est
1026 1605 1136 1660 eorum

105 1669 366 1755 problematum,
396 1689 477 1756 quae
498 1671 555 1738 sub
583 1672 676 1757 ipsius
690 1674 820 1740 numine
839 1675 1130 1758 circumferuntur,

115 1756 147 1821 dt
164 1757 306 1823 meminit
326 1757 522 1842 problemate
548 1775 685 1838 ιω,
717 1757 748 1826 ἀ
771 1758 892 1826 caussas
904 1761 1050 1846 quasdam
1063 1781 1137 1845 pro·

107 1837 229 1910 babiles
251 1841 367 1908 reddit.
416 1838 461 1906 Ut
488 1841 539 1906 lert
560 1839 733 1926 Postumiae
752 1845 842 1930 juret
870 1843 1068 1932 magistrum]
1100 1847 1131 1914 iu

102 1925 267 1992 conviviis
292 1927 368 1991 olim
389 1943 458 1989 mos
488 1939 578 2006 erat,
611 1925 746 1994 talorum
768 1927 852 2008 jactu
878 1949 973 1998 unum
998 1931 1134 2015 aliquem

106 2027 243 2092 creme,
275 2011 328 2096 qui
354 2007 604 2096 praescriberet,
633 2029 784 2095 quantum
810 2015 973 2098 quisque,
1007 2017 1038 2084 dt
1064 2035 1131 2102 quo

109 2095 210 2160 modo
225 2111 434 2180 temperatum
451 2093 598 2160 biberet.
622 2113 693 2160 eum
714 2093 829 2175 Graeci
846 2101 1027 2184 uenalem·
1046 2147 1057 2178 ,
1078 2118 1133 2180 aur

108 2181 204 2245 etiam
231 2184 375 2256 taenia,
407 2197 475 2248 rem
500 2197 603 2258 veru,
636 2179 667 2244 id
695 2176 768 2258 est,
799 2179 986 2263 potestatem
1007 2182 1132 2268 ipsam,
1228 2251 1232 2260 ,

108 2262 263 2348 imantia
293 2263 463 2330 vocabant.
504 2261 659 2330 Horatius
686 2283 812 2352 regnum
837 2269 932 2348 nini,
956 2268 1130 2341 &bibendi

103 2349 259 2415 arbitrum
276 2349 366 2415 dicit.

184 2513 255 2582 Ner
277 2537 374 2600 regnu
397 2521 465 2582 nini
478 2516 611 2604 sortiere
634 2517 718 2584 talis.
840 2515 986 2594 malini,

184 2635 224 2655 ·-
246 2601 346 2694 Quem
372 2601 477 2671 Venus
499 2605 649 2668 urlritrum
734 2601 828 2667 Dicet
850 2601 998 2671 bibendi?

98 2769 201 2836 Varro
223 2771 509 2856 modimperntmem.
555 2766 728 2856 Magistros
751 2769 845 2836 etiam
871 2787 956 2850 eos,
990 2767 1123 2836 &hanc

100 2855 254 2922 ludicram
285 2857 470 2944 dignitatem
504 2851 710 2939 magisterium
740 2855 961 2922 nominabant.
1006 2851 1122 2920 Cicero

98 2941 140 3005 de
160 2941 341 3008 senelbute:
380 2941 437 3007 Mt
460 2959 529 3004 turo
547 2937 583 3012 ἃ
601 2938 778 3025 magisterio
794 2939 943 3006 delebant
960 2959 979 3006 o
998 2943 1123 3027 mojori.

99 3029 154 3091 bur
171 3023 313 3109 rnilitum
326 3075 337 3107 ,
351 3027 403 3130 jd
425 3029 452 3091 is
466 3023 590 3110 sermo,
616 3028 669 3109 qui
694 3045 773 3090 more
797 3028 945 3111 majorum
970 3043 990 3090 u
1001 3023 1119 3107 summu

95 3109 261 3175 adhibeam
283 3107 427 3198 magistro
455 3113 488 3175 im
513 3109 631 3194 poculo.
679 3109 869 3176 Pollentiam
891 3108 985 3194 igitur
1006 3111 1120 3176 eodem

91 3195 183 3261 sensu
200 3193 377 3280 magistrum
396 3195 503 3260 vocari
519 3191 673 3276 intelligo.
708 3193 838 3270 liminio
856 3193 978 3278 utinm]
1000 3193 1040 3256 de
1058 3193 1121 3259 hoc

88 3284 169 3348 loco
190 3280 266 3344 vide
284 3279 423 3348 Gellium
448 3299 520 3363 cap.
550 3299 604 3344 xx.
627 3277 680 3342 lib.
705 3296 766 3346 vir.
798 3269 1038 3364 Thyonianum]
1062 3297 1119 3344 no·

89 3385 167 3516 me?
189 3363 297 3516 Iaiberi
317 3367 433 3451 patris,
456 3383 474 3428 a
492 3363 634 3450 Thyone
654 3379 754 3428 matre
772 3363 885 3450 ipfius3
915 3379 995 3446 quae
1016 3365 1046 3428 dt
1064 3365 1119 3430 St·

89 3468 176 3518 nree
218 3467 324 3516 rcrtur.

140 3651 196 3700 ro
240 3627 605 3710 vununnrunr,
648 3647 701 3697 un
741 3611 1056 3698 innuerunt.

99 3769 103 3776 ⁵
128 3789 253 3877 Pisonis
276 3787 430 3874 comitem]
451 3788 576 3872 jocatur
598 3805 670 3853 cum
694 3784 924 3868 Verunnio,&
955 3785 980 3854 F
982 3787 1115 3866 abullo;

81 3875 293 3961 indicatque,
320 3872 427 3958 ipios,
451 3871 594 3941 Pisonem
610 3873 640 3939 in
653 3869 834 3944 Hispaniam
851 3873 996 3951 securos,
1016 3873 1116 3938 nihilo

79 3961 156 4062 plus
178 3961 258 4029 lucri
281 3957 423 4044 fecitse,
454 3975 549 4045 quam
568 3955 634 4046 ipse
656 3955 904 4126 lugibgeierat,
927 3959 1124 4110 nlemmiurinl
