2802 4920
274 349 337 416 ⁶08
476 335 529 408 M.
611 329 660 408 Α.ἱ
734 289 1181 404 Μυιιιτηδ

319 502 403 570 liora
416 546 427 580 ,
440 493 613 580 fortunar]
644 493 795 561 Biurrum
824 492 953 561 nomine
974 490 1165 576 facultates,
1187 495 1303 582 idest,

280 587 314 650 nl
333 584 503 666 aurigam,
531 580 725 646 indicantur.
762 595 866 662 neque
888 573 959 644 sane
978 578 1037 644 alia
1060 579 1108 646 vie
1120 579 1224 647 subere
1245 605 1303 648 nu

276 670 352 740 mini
371 667 590 746 fortunarum.
612 663 678 732 duo
696 663 793 750 igitur
808 664 890 729 idem
904 661 1066 747 valentia,
1083 667 1216 751 augendi
1234 688 1304 751 gra·

280 757 322 822 cia
341 745 456 838 posunt.

317 838 514 906 Laboribus,
547 827 704 915 rvufiliis,
727 830 935 918 periculisque
959 831 1056 920 meir]
1087 833 1209 901 Omnes
1230 835 1302 903 librl

277 937 402 987 veteres
419 917 578 997 scutilum,
600 915 753 982 laboribus
765 964 775 997 ‚
798 912 951 996 confiliis,
970 918 1117 999 periculis
1137 924 1231 984 meir.
1256 921 1299 988 fic

277 1000 512 1088 &insuperiori
528 1001 691 1068 oratione:
713 1001 828 1079 Nurri‘,
838 997 867 1080 fi
878 1001 921 1067 L.
934 1003 1073 1067 Catilina
1087 1001 1239 1086 runfiiir‘r,
1256 1008 1299 1071 lu·

278 1093 421 1166 lrerilrur,
443 1088 589 1170 periculis
602 1091 675 1152 meis
692 1083 927 1168 circumclusus,
947 1086 1010 1156 uc.

320 1175 372 1240 lia
394 1169 524 1258 flamma
536 1216 549 1250 ,
582 1183 686 1256 nequer
698 1169 812 1258 serra]
854 1170 992 1236 ecaede
1011 1183 1108 1258 atquc
1129 1171 1300 1240 incendiis.

276 1255 453 1346 hypallage.
700 1327 706 1336 ,

321 1343 383 1409 liu-
395 1342 541 1422 jautiius
565 1337 659 1424 [αεὶ]
690 1337 960 1424 Merapuomna
989 1337 1065 1408 feris
1085 1338 1211 1407 duliam
1233 1339 1299 1408 esse

276 1423 418 1496 constat.
433 1423 538 1505 surum
555 1439 660 1490 autem
676 1441 772 1490 vocat
788 1425 971 1503 interitum,
993 1439 1031 1490 ut
1060 1423 1159 1493 infra:
1188 1425 1298 1510 Neque

281 1523 368 1577 tuate
384 1521 454 1576 aute
471 1510 565 1576 exitii
576 1553 587 1589 ,
600 1528 635 1574 at
643 1506 713 1590 suri
727 1509 806 1575 diem
822 1510 896 1595 reip.
911 1507 1133 1598 denuntiasset.
1152 1508 1297 1584 idemque

274 1593 413 1661 ‘Graecis
436 1593 466 1660 in
494 1590 548 1657 usu
573 1591 637 1665 cll,
667 1593 722 1678 qui
753 1600 873 1674 pulpae,
899 1593 931 1660 it
957 1593 1076 1675 ἠἠψ,
1098 1597 1130 1664 ἁ
1151 1604 1185 1654 ι·
1239 1611 1295 1681 pro

277 1693 377 1776 'morte
398 1677 529 1746 dicunt.
551 1677 710 1762 etiamque
732 1677 913 1759 mapalia,
935 1695 970 1744 ut
991 1679 1022 1746 in
1045 1679 1101 1748 illo
1125 1699 1182 1746 ver
1206 1697 1299 1758 curo,

491 1843 617 1927 Ἀφνκπί
637 1852 671 1912 ive
694 1841 722 1908 aa*
743 1851 783 1914 ἧς
807 1849 965 1932 accepim
988 1849 1072 1924 Ψώ.

219 2057 226 2074 ι
323 2017 417 2112 Quae
433 2016 541 2082 harum
557 2030 674 2082 vocum
693 2014 854 2100 usurpatio
873 2016 956 2081 unde
972 2015 1045 2084 mihi
1059 2014 1196 2082 manasse
1208 2015 1300 2082 vide·

285 2117 370 2178 atur,
394 2104 540 2188 aperiam.
583 2103 694 2168 Fatum
707 2119 741 2166 re
755 2120 830 2166 vern
843 2098 993 2184 fignificat
1006 2100 1164 2166 consilium
1180 2102 1299 2168 volun·

286 2205 450 2272 ratemque
476 2188 646 2271 divinam,
673 2200 734 2270 qua
759 2186 865 2250 omnia
886 2203 926 2251 cx
954 2187 1039 2253 omni
1050 2183 1238 2252 'aeternitate
1252 2186 1300 2252 ita

284 2272 457 2342 constituta
481 2271 571 2352 sunt,
590 2269 668 2341 nihil
691 2286 726 2338 ut
748 2270 892 2336 accidere
906 2270 1024 2354 possit,
1043 2271 1130 2369 quod
1143 2291 1207 2338 non
1225 2271 1300 2337 deus

283 2358 409 2428 infinito
438 2373 511 2424 ante
533 2372 678 2444 tempore
699 2352 929 2440 praesciverit:
961 2357 1138 2452 &quadem
1156 2373 1245 2422 certo
1264 2370 1301 2418 ac

283 2441 451 2530 praefinito
470 2439 693 2526 praesciverit.
714 2437 851 2507 nefariae
869 2439 950 2504 enirn
969 2441 1138 2522 impietatis
1156 2439 1237 2508 esset
1255 2438 1299 2504 di·

285 2547 384 2609 cere,
404 2527 454 2591 dei
469 2525 630 2592 scientiam
648 2541 703 2590 aut
730 2543 792 2591 non
811 2523 952 2590 omnium
971 2522 1060 2605 esse,
1081 2540 1136 2591 aut
1150 2527 1297 2594 incertam

285 2611 370 2688 esse,
393 2629 429 2677 ac
450 2610 665 2677 fluiluantem.
679 2601 693 2635 ⁶
707 2605 805 2760 (ὲιοά
830 2623 933 2674 tamen
952 2628 1016 2676 non
1031 2611 1074 2675 ita
1089 2610 1300 2697 accipiendum

285 2696 351 2777 est,
381 2713 437 2770 ut,
464 2693 696 2780 quodquidam
756 2692 864 2758 elerati
880 2687 1021 2775 faciunt,
1045 2697 1201 2762 malorum
1217 2711 1300 2758 caus·

206 2843 210 2854 ,
284 2779 334 2850 sas
348 2777 520 2845 reseramus
534 2779 564 2844 in
586 2779 696 2843 ‹leum-
719 2793 841 2844 namur
860 2777 1019 2854 medicus,
1039 2780 1093 2863 qui
1114 2797 1207 2846 certo
1219 2793 1299 2863 prae·

288 2862 411 2944 noscit,
437 2878 599 2946 aegrotum
620 2878 660 2926 ex
682 2858 742 2926 lrac
762 2877 816 2928 aut
842 2859 895 2927 illa
914 2861 1096 2929 infirmitate
1111 2867 1301 2949 periturum,

286 2967 352 3015 non
373 2963 478 3013 tamen
499 2961 632 3030 aegroto
650 2945 762 3011 mortis
784 2943 922 3011 caussam
941 2943 1053 3014 afferre
1068 2949 1220 3016 dicendus
1240 2943 1302 3010 eil:

282 3035 330 3101 lta
343 3030 443 3113 deus,
456 3031 599 3114 quamvis
614 3029 697 3096 hunc
710 3043 764 3096 aut
779 3026 865 3096 illum
880 3029 1068 3117 flagitiosum
1089 3031 1163 3099 fore
1177 3049 1302 3118 praeco·

285 3112 430 3204 gnoscit‚
461 3115 590 3182 minime
617 3131 720 3182 tamen
750 3113 781 3182 in
810 3115 916 3182 caussa
938 3115 1000 3183 est.
1021 3113 1303 3204 utilleflagieiosue

286 3200 416 3267 evadat.
438 3200 612 3268 cavendum
645 3197 689 3266 est
709 3199 803 3266 etiam
829 3197 1086 3286 diligentisfime,
1118 3221 1160 3268 ne
1182 3202 1306 3268 Stoico·

285 3305 355 3354 rum
377 3281 532 3351 vesaniam
560 3281 784 3368 insequamur,
813 3301 868 3348 aut
898 3284 1052 3366 aliorum,
1083 3286 1137 3371 qui
1163 3282 1306 3370 spoliatas

240 3432 243 3440 ,
286 3369 707 3436 omnilruertatehominum
724 3364 1307 3438 mentcsservituteduvincireeonun·

287 3469 361 3534 tur,
385 3453 565 3539 tolluntque
581 3469 599 3518 e
615 3451 710 3520 rebus
727 3451 872 3520 erunibus
899 3454 1024 3536 casum,
1055 3457 1087 3522 ἁ
1102 3452 1253 3554 quicquid
1270 3451 1308 3517 de

284 3539 381 3606 rebus
403 3533 517 3605 futuris
543 3539 735 3620 affirmatur,
766 3540 1013 3622 negarurvmu
1032 3539 1308 3616 definiteverum,

287 3641 341 3688 aur
353 3621 482 3688 definite
498 3620 608 3689 falsum
625 3622 692 3688 esse
709 3621 916 3691 confirmant.
937 3623 1026 3710 quud
1037 3617 1309 3711 longisfimeabest

286 3725 416 3774 aveto.
458 3707 585 3775 Etenim
605 3706 882 3792 permutarunt,
908 3727 990 3796 quae
1016 3724 1183 3796 antequam
1210 3705 1311 3785 fiant,

285 3791 339 3858 vel
363 3789 457 3873 fieri,
490 3793 540 3858 vel
563 3810 626 3859 non
652 3791 719 3860 fieri
740 3791 892 3876 possunt:
914 3791 1022 3878 estque
1046 3795 1091 3860 ita
1105 3789 1199 3882 plane
1212 3791 1307 3858 libera

285 3873 451 3944 hommum
475 3878 643 3956 voluntar3
676 3891 712 3944 ut
737 3895 834 3944 nemo
852 3877 970 3945 invitus
993 3878 1097 3945 bonus
1117 3879 1194 3959 fiat,
1212 3889 1302 3943 nemo

286 3961 408 4032 invitus
429 3963 549 4034 malus.
577 3961 697 4050 alioqui
717 3961 801 4034 euim
827 3961 940 4032 uulua
962 3961 1135 4034 virtutibus
1157 3958 1305 4112 praeungi,
