2774 4900
220 395 273 448 rte
312 355 617 450 C'nautnnu
656 373 942 450 Concuteret.
1031 393 1105 468 7⁹9⁴

46 535 118 602 rin·
145 555 165 600 a
189 533 341 613 Graecis,
362 551 380 598 a
399 529 529 631 Latinin'
544 530 678 601 fortasse
701 533 778 602 olim
798 537 890 620 pueri
912 537 994 604 lauri
1014 537 1104 604 dice·

53 621 208 690 bantur.
230 620 261 686 id
277 618 416 704 sulpicor
428 637 467 684 ex
481 618 637 686 vericulo
653 619 776 699 Plauti,
796 620 850 705 qui
868 619 912 688 est
929 619 961 688 in
977 621 1102 706 Curcu-⁸

56 706 180 782 lione,
209 705 260 769 ubi
282 703 390 772 serven
409 701 600 770 adolescenti
617 705 704 770 eunti
718 704 759 769 de
774 703 870 770 nodie
886 705 926 771 ad
941 704 1100 786 amicam,

57 807 270 875 cereumque
288 805 380 856 manu
396 783 511 854 ferenti
531 788 573 853 ite
589 786 689 868 dicit,
716 789 792 858 Tute
817 793 876 853 tili
893 803 970 874 puer
984 792 1101 859 enicu-

61 889 122 940 tus
134 921 148 954 ,
179 875 259 940 luces
281 890 408 938 cereum.
455 869 540 964 Quin
562 871 593 938 de
613 870 751 957 suspicor
773 873 805 938 id
824 872 901 939 olirn
922 871 1100 944 ominosum

60 957 221 1026 habiturn
243 953 364 1038 fuisse,
392 956 631 1040 creditumque,
659 957 714 1041 qui
743 973 847 1025 novae
868 972 985 1041 nuptae
1006 959 1103 1028 luris·

58 1042 145 1108 fene
172 1039 296 1124 facem,
325 1060 382 1110 eon
427 1036 512 1106 osten
534 1040 622 1106 nihili
648 1039 737 1110 fore.
765 1059 836 1108 narn
862 1043 944 1126 apud
966 1045 1102 1112 eundern
1152 1039 1157 1050 '

59 1133 205 1211 poetam
233 1125 363 1206 Canna,
398 1060 550 1223 &lympio
580 1123 734 1208 Chalino,
769 1125 925 1192 conservo
947 1144 985 1192 ac
1009 1129 1101 1196 rivali

64 1209 154 1288 suo,
176 1211 221 1278 ite
243 1211 389 1278 minitans
408 1209 585 1288 inducitur,
1098 1217 1105 1232 '

158 1381 297 1448 Primum
319 1381 448 1444 omnium
463 1377 534 1444 lruic
553 1379 660 1444 lucebi·
675 1398 770 1446 neree
789 1359 901 1466 nuptae
909 1375 1032 1460 secem:

164 1463 298 1553 Postilla
319 1475 354 1529 ue
371 1462 491 1550 semper
513 1467 684 1546 impruden,
704 1465 858 1554 nihilique
872 1463 928 1546 fir.
1047 1497 1056 1511 ·

119 1633 313 1720 Flentem]
344 1651 427 1718 quo,
454 1643 489 1697 ut
509 1631 662 1712 diximus,
692 1649 807 1718 nuptae
827 1631 1031 1702 amiciebatur
1048 1653 1101 1702 ca·

99 1737 150 1786 ut.
194 1719 267 1788 Neu
296 1719 349 1784 diu
378 1715 510 1802 laceat]
539 1734 655 1801 pueros
677 1718 844 1799 admonet,
875 1733 911 1783 ut
937 1720 979 1785 de
1006 1737 1096 1785 more
1132 1737 1135 1746 ·
1208 1779 1215 1796 ,

73 1742 291 1874 Fescenninos
308 1797 415 1868 versus
430 1817 553 1870 canant.
600 1800 640 1867 lie
663 1817 768 1870 autem
787 1803 950 1883 versibus,
979 1801 1099 1872 summa

73 1890 249 1956 verborum
268 1885 393 1954 licentia
418 1883 588 1958 &lascivia
607 1882 718 1968 fadlie,
739 1889 885 1954 convicia
899 1885 1048 1971 quaedam
1067 1890 1100 1960 in

74 1971 211 2060 sponsos
230 1971 415 2056 joculariter
435 1971 502 2054 lpar
527 1971 533 1984 '
555 1967 713 2037 solebant.
740 1973 867 2042 unde&
882 1971 983 2040 llarim
1002 1979 1100 2056 polita

6 2135 7 2170 ³
77 2145 110 2210 in
129 2144 229 2223 ultat3
251 2157 317 2206 turn
337 2137 492 2206 Manlium
508 2135 626 2222 ipsum,
647 2154 682 2206 ut
699 2139 790 2206 nimie
805 2159 836 2210 rn
850 2159 964 2224 pueros
981 2141 1098 2222 procli·

74 2247 151 2294 vem
162 2276 173 2310 ,
193 2239 305 2303 notat,
325 2240 393 2290 tunt
411 2237 539 2306 nuptam
552 2221 720 2304 admonete,
742 2223 834 2290 nese
853 2225 883 2292 in
902 2243 937 2292 re
960 2224 1102 2293 venerea

78 2313 152 2380 viro
174 2309 334 2381 difficilem
362 2307 525 2393 praebeat:
550 2305 668 2392 alioqui
695 2301 790 2388 fote,
821 2323 857 2374 ut
882 2305 948 2392 iple
972 2309 1100 2376 delicias

75 2077 147 2208 τοίῳ
175 2075 274 2144 puero
297 2047 476 2122 concubind
541 2053 614 2120 anlli
632 2054 823 2152 petulantius
841 2057 981 2140 quodam
999 2056 1097 2124 modo
1378 2129 1379 2136 χ

76 2397 203 2466 aliunde
218 2393 352 2479 petitum
370 2407 436 2459 eat:
460 2407 553 2474 quam
578 2405 678 2459 totam
693 2390 859 2460 verisimile
876 2389 920 2460 est
935 2391 1102 2460 Fescenni·
1200 2391 1210 2402 '

80 2500 194 2548 norum
211 2478 356 2544 versuum
371 2476 531 2544 materiam
547 2468 654 2542 fuisse.
694 2477 764 2544 Nec
778 2478 902 2562 auten]
923 2477 953 2542 dt
971 2479 1101 2544 maritus

74 2563 144 2654 ipse
162 2582 258 2632 nuces
281 2563 385 2647 pueris
411 2559 596 2646 spargebat,
636 2575 699 2627 tem
729 2579 785 2642 ea,
819 2579 911 2643 quent
942 2561 1097 2640 diximus,

73 2639 201 2728 cauria,
227 2665 294 2714 tum
320 2663 355 2714 ut
375 2644 406 2710 ie
425 2645 552 2727 puerilia
574 2645 679 2714 omnia
703 2645 880 2732 relinquere
903 2643 1101 2728 ostenderem

75 2737 96 2824 (
106 2735 187 2803 unde
206 2731 249 2798 est
267 2731 344 2800 illud
366 2729 507 2814 Virgilii,
980 2739 985 2748 '

233 2859 354 2942 Sparge
376 2857 486 2921 merite
508 2855 625 2941 nutet)

8 3035 16 3046 .
76 2983 109 3051 dt
122 2976 210 3062 ipirus
222 2971 438 3052 concubinus,
460 2987 496 3036 ut
511 2987 552 3040 ert
568 2971 630 3040 hoc
645 2972 720 3040 loco
732 2973 911 3060 colligitur,
938 2975 1097 3056 indicans,

75 3064 110 3130 se
129 3063 256 3146 amplius
279 3057 399 3143 puerile
416 3053 493 3122 illud
514 3057 671 3140 passurum
693 3076 756 3138 non
781 3059 855 3130 csse.
906 3057 1096 3144 Titulusfior]

76 3143 365 3217 lruncinvocabant
382 3137 561 3226 innuptiis.
582 3141 656 3209 vide
677 3141 801 3211 Livium
822 3145 902 3212 libro
926 3166 952 3212 1.
978 3147 1100 3212 &Plu-

78 3231 218 3298 tarelrum
239 3225 453 3316 problematis.
494 3225 560 3292 llic
576 3243 633 3310 pro
648 3227 716 3328 ipso
737 3231 938 3312 nutrimonio
957 3229 1096 3308 ponitur.

78 3318 243 3383 sordebant
267 3315 326 3388 tili
351 3308 508 3407 villicae]
542 3325 605 3392 tu,
634 3311 762 3398 inquit,
793 3331 892 3400 nuper
917 3313 1094 3382 villicatum

76 3399 251 3469 dissueviari
284 3413 317 3460 re
340 3395 535 3479 cupientium
563 3395 702 3476 oscula‚'
731 3413 790 3480 pro
815 3401 918 3466 innata
947 3397 1095 3465 iormnfic

74 3485 217 3554 omnibus
235 3479 395 3565 superbia,
427 3477 625 3564 refugiebas,
654 3482 685 3548 dt
710 3501 817 3562 amore
841 3484 966 3568 damini
981 3484 1095 3564 ferox,

77 3567 251 3639 &formae
275 3567 382 3632 bono:
412 3578 445 3630 at
470 3581 555 3630 nunc
580 3579 669 3630 certe
691 3563 767 3633 istos
787 3569 906 3636 animoa
927 3569 1093 3636 demittas:

77 3655 196 3722 curn&
217 3651 363 3721 dominus
380 3647 418 3714 ad
436 3642 561 3732 nuptiae
578 3650 713 3716 animum
730 3650 900 3735 adiecerit,
921 3654 953 3728 dt,
971 3649 1095 3720 tonderi

76 3757 111 3807 te
128 3737 262 3820 jusserit:
283 3734 369 3823 quod
387 3733 505 3800 mdicro
523 3729 586 3813 est,
607 3749 640 3800 te
656 3735 684 3801 ei
702 3735 833 3818 amplius
848 3737 876 3804 in
896 3737 1090 3822 deliclr'enon

71 3823 157 3978 lI'rIne.
178 3823 296 3924 ‚Porro
318 3837 442 3888 cornern
459 3818 578 3886 nutrire
596 3819 673 3888 olirn
693 3821 781 3905 pueri
796 3821 922 3890 delicati
936 3821 1100 3906 solebant„

110 3922 245 3990 uranus,

1028 4071 1094 4139 Arte
