2748 4888
274 335 411 406 Van·
473 333 642 412 Lata.
704 335 965 412 L12.111.
1076 351 1124 434 69

384 503 592 574 Canum
660 501 816 576 XIII.
949 597 952 602 Ι

142 665 359 752 Anttltgium
376 663 465 750 quid.
505 661 649 812 Pinax
670 661 881 770 Menaechmis
903 665 1056 735 cortetius
1088 697 1109 746 t,

584 768 597 810 ⁶
636 796 646 814 ·
881 781 887 826 t

80 843 233 998 Quon
266 919 330 984 diti
353 913 469 1002 supra,
499 930 598 996 cum,
629 915 704 1000 quid
729 919 850 986 valeret
876 939 891 986 a
916 919 955 988 ud
978 921 1109 990 Cicero-

77 1025 177 1087 nem,
207 1007 245 1070 in
275 1003 360 1080 unu,
393 1001 605 1085 explicarem,
633 1001 769 1068 Siciliam
793 1023 833 1070 eo
858 938 934 1072 olfm
963 1003 1108 1074 sermone

79 1091 194 1167 usam,
247 1089 279 1152 ni
300 1104 404 1171 neque
427 1084 521 1169 plane
547 1081 709 1166 Graecus,
729 1106 833 1174 neque
850 1089 939 1173 plane
959 1089 1109 1174 Latinus,

82 1174 144 1241 sed
266 1173 374 1238 munus
396 1169 524 1254 quidam
542 1187 583 1234 ex
605 1183 678 1234 utro
703 1189 743 1234 ue
762 1171 867 1238 mistus
880 1174 977 1241 esset:
998 1177 1028 1242 id
1046 1181 1109 1244 &t

75 1259 255 1336 Cicerone,
278 1257 310 1322 lit
335 1273 356 1318 e
380 1253 425 1351 Q.
446 1251 587 1318 Asconio
605 1189 738 1340 intelligi
753 1255 866 1340 potest.
909 1259 1035 1326 Plautus
1051 1279 1131 1327 au·-

77 1359 174 1420 tem‚
193 1342 241 1424 qui
259 1339 389 1422 jocandt
411 1335 613 1406 octafionem
632 1339 772 1424 undique
787 1359 969 1426 quaereret,
988 1344 1019 1410 in
1038 1345 1113 1412 Me·

81 1425 256 1504 nummis,
279 1424 369 1507 quod
386 1441 423 1488 aa
437 1419 566 1494 fabula,
590 1435 625 1487 ut
641 1421 707 1506 ipse
719 1425 784 1506 ait,
804 1425 1033 1508 sicilisfimbat,
1053 1447 1109 1494 no.

83 1529 152 1577 men
172 1509 338 1595 quoddam
352 1507 445 1576 finxit
460 1523 479 1576 t
494 1505 612 1574 duabus
628 1507 783 1589 vocibus,
804 1509 901 1575 altera
929 1509 1061 1592 latina,
1077 1515 1109 1582 δι
1230 1531 1232 1536 ·

85 1593 202 1660 Graeca
227 1593 331 1658 altera
347 1591 503 1686 junctum.
545 1591 740 1738 Antelofium
757 1593 839 1661 enim
862 1595 945 1662 dixit
966 1613 1025 1680 pro
1046 1613 1106 1679 eo,

80 1680 163 1764 quod
181 1678 264 1744 olitn
282 1676 440 1744 Pacuvius
454 1675 575 1741 dixerat
591 1687 648 1760 pm
662 1681 779 1758 agium.
800 1681 886 1765 quod
902 1680 960 1765 qui
977 1699 1042 1748 non
1060 1682 1106 1750 in·

81 1763 289 1848 telligebant,
319 1779 368 1830 ex·
383 1761 582 1843 Anttltgium
604 1757 749 1827 fecerunt
769 1777 837 1827 ante
858 1767 1008 1850 elogium:
1031 1765 1114 1833 cuni

83 1865 186 1914 tamen
208 1848 343 1930 elogium
360 1843 438 1912 ninii
460 1861 564 1926 neque
585 1841 731 1926 Graecis,
754 1865 857 1930 neque
879 1847 1033 1916 latinissi
1080 1851 1105 1914 i·

78 1931 166 2004 ficet:
189 1949 227 1998 ut
249 1929 325 1998 alibi
343 1928 546 2001 docebimus.
570 1929 621 1993 sed
638 1929 769 2014 praestat
790 1931 891 2000 Plauti
907 1931 1015 2000 versus
1047 1934 1102 2000 ub·

78 2015 192 2098 ᾔτεε,
213 2015 306 2086 fimul
325 2017 408 2082 enim
428 2015 488 2081 alia
505 2013 721 2098 corrigentur:
774 2018 776 2026 '
1196 2017 1200 2026 '

158 2183 269 2270 Atque
293 2183 366 2248 adeo
389 2180 444 2246 lot
465 2195 673 2268 argumentum
698 2183 874 2270 Grattitstt
895 2199 1018 2258 iumen:

166 2268 286 2336 Vtrum
309 2287 367 2334 nan
389 2263 580 2352 Atticusat,
601 2281 635 2336 at
657 2267 845 2348 Sitilisfitut.
1018 2281 1020 2286 ·

86 2431 292 2516 Pubergenfis
312 2431 405 2500 Plauti
426 2433 613 2513 corrector,
633 2445 758 2516 praeter
779 2443 886 2496 cetera
908 2447 1060 2514 peccata,
1083 2455 1101 2500 e

86 2517 353 2584 soeundohomm
365 2515 504 2583 versuum
521 2519 699 2596 detraxerat
716 2514 917 2598 particulam,
941 2529 997 2582 tt.-
1019 2516 1104 2584 dein·

83 2605 128 2670 de
154 2620 232 2666 cum
255 2603 525 2682 animadverteret,
556 2621 575 2666 u
642 2600 757 2688 syllaba
778 2602 878 2670 minut
899 2600 984 2683 esst,
1007 2621 1102 2686 quam
1146 2594 1151 2603 '

78 2688 257 2772 requireret
282 2685 333 2754 lex
350 2689 516 2765 carminis3
537 2703 595 2770 pro
635 2683 812 2768 iniustam,
834 2679 973 2770 scriplit,
998 2687 1104 2752 Sicili.

82 2772 215 2922 ‘ffim‘s-
235 2787 341 2868 utute.
383 2771 553 2838 siciliciam
570 2789 628 2858 pro
643 2769 748 2842 Sicilia
760 2769 820 2840 hat
840 2771 963 2838 ratione
982 2771 1100 2838 dicert-

79 2877 164 2924 mus.
202 2871 351 2942 equatur:

157 3024 248 3091 Huic
271 3034 449 3112 argumento
471 3025 656 3114 antelogium
679 3025 824 3112 quoddam
846 3024 900 3096 lttt
913 2989 994 3107 suit.

80 3195 182 3276 idem,
213 3211 276 3260 una
302 3193 486 3280 lepiditfima
512 3197 596 3260 voct'
617 3193 770 3273 lacerata,
798 3191 888 3260 nullo
917 3187 1003 3257 sensu
1029 3189 1103 3256 scri.

80 3281 152 3366 psat,
173 3291 247 3353 uuit
262 3278 411 3366 elogium.
434 3279 465 3342 lit
485 3297 563 3366 pro,
586 3278 754 3366 quoddam,
779 3279 918 3364 quidem.
945 3275 1099 3360 sequitur:

157 3446 255 3514 Nunc
278 3464 316 3509 at
340 3459 490 3512 amentum
512 3447 594 3510 uniit
615 3441 779 3530 demensum
802 3445 897 3522 duit,

158 3529 230 3594 Ntn
252 3547 302 3594 mo
325 3535 378 3612 io,
400 3549 495 3616 neque
515 3528 676 3606 trImndio,
700 3550 801 3596 nerum
820 3526 883 3614 ipso
903 3525 1023 3595 lttrrtn.

163 3611 264 3680 Tanta
286 3617 329 3682 ad
348 3616 535 3682 narrandum
557 3627 765 3700 argumentum
786 3611 826 3701 est
849 3615 1034 3698 benignitus.

84 3775 186 3844 Tanta
207 3785 289 3852 enim
308 3783 372 3869 legi
390 3781 503 3850 debet:
523 3801 606 3863 non,
628 3798 668 3848 ut
684 3782 716 3847 in
732 3779 813 3846 illius
829 3779 937 3855 iibns‚-
960 3791 1097 3851 tuntum.
1142 3751 1144 3786 ⁵

75 3865 189 3950 quippe
209 3885 283 3936 mm
311 3869 378 3934 hoc
397 3869 499 3948 ditat,
521 3883 639 3935 tantam
660 3866 728 3931 esse
742 3864 797 3931 fibi
818 3863 1040 3950 benignitatem
1060 3886 1098 3933 at

70 3947 243 4040 imputem
278 3953 323 4022 ad
346 3953 533 4024 narrantium
553 3965 803 4122 argttme1113t113n,¹
828 3947 924 4035 seque
947 3950 991 4017 ita
1014 3951 1108 4102 ”guig
