2776 4920
168 381 171 389 -
243 305 395 404 VM.-
437 329 599 403 Lecti
659 307 971 408 Lrn'xvm.
1052 357 1117 425 455

172 502 296 570 Summo
311 500 386 568 burc
409 499 538 566 clamere
549 546 560 581 ,
583 497 718 588 mussans
737 503 1010 592 intercinentium,
1114 548 1123 565 .

90 662 117 727 ie
137 661 236 748 punio
250 655 342 744 post,
365 653 478 724 Omnes
495 669 632 726 tenerent
649 662 830 726 mutuitanti
846 661 978 730 credere.
996 663 1058 732 Sed
1078 665 1108 732 it

87 747 166 814 iilud
181 747 214 812 in
230 742 392 810 veteribus
411 741 476 808 hoe
494 744 591 809 modo
599 785 613 822 ,

170 915 283 982 Omnes
300 912 419 980 iuberes
442 907 606 999 inuenisset
616 909 789 1014 perferens.
883 981 896 988 ,

89 1101 127 1152 ut
142 1082 316 1151 rectissime
324 1076 461 1167 Scaliger
474 1082 517 1148 itu
530 1078 695 1166 legendum
711 1083 892 1165 conjeceris
917 1083 1012 1152 Nune
1024 1097 1105 1168 quos

87 1169 253 1252 subjiciam
272 1165 413 1243 calceii,
438 1183 472 1232 ut
487 1184 551 1232 non
572 1163 822 1251 videariniquus
835 1174 926 1249 tore,
947 1169 968 1236 sr
990 1169 1114 1251 dicam,

86 1253 207 1340 aliquid
224 1253 300 1319 mihi
316 1269 375 1336 pro
390 1267 432 1314 eo
451 1267 469 1316 u
486 1249 589 1317 Plauti
600 1251 791 1320 amatoribus
806 1252 947 1319 debiturn
959 1253 1005 1318 iri.
1029 1251 1114 1318 Nam

90 1339 121 1406 it
146 1335 274 1404 versum
293 1335 437 1404 nnumin
457 1333 618 1418 integrum
638 1333 819 1419 restituam,
841 1335 1034 1414 stulterum,
1060 1338 1114 1421 qui

87 1421 288 1507 jampridem
315 1417 357 1488 ub'
378 1419 525 1486 omnibus
545 1417 636 1484 editis
660 1419 748 1486 libris
770 1422 895 1496 mulne,
926 1421 1040 1488 Plauto
1058 1419 1114 1506 ipss

91 1507 269 1574 reddamur
285 1503 455 1572 restituam.
478 1501 513 1570 In
530 1501 616 1570 libris
632 1503 785 1588 joachimi
803 1509 847 1572 ira
860 1505 1013 1592 tegimus:

172 1675 348 1742 convitium
374 1685 420 1742 tot
439 1693 485 1739 me
505 1691 599 1739 annos
614 1674 683 1762 jum
697 1669 727 1755 fi
745 1669 893 1762 pasceret.

177 1759 266 1856 Quod
286 1757 346 1841 niti
362 1761 519 1846 pudicit,¹
534 1775 572 1824 ne
594 1758 712 1826 iuberet
730 1762 842 1847 uiuere.
925 1835 928 1844 Δ

91 1926 264 1996 Lambinus
283 1927 452 2006 emendat,

174 2099 349 2166 Comitium
370 2111 415 2164 tot
437 2117 481 2164 me
504 2117 597 2164 unmus
613 2095 739 2186 jumfic
755 2096 889 2188 pascere.
954 2091 958 2104 '

97 2266 132 2332 ὰ
153 2264 200 2328 ita
215 2265 360 2354 exposuit:
380 2267 418 2333 Se
440 2281 482 2332 tot
507 2269 561 2331 ‘um
579 2288 672 2334 unum
687 2269 731 2350 fic
754 2264 878 2352 pascere
903 2285 973 2344 me,
990 2281 1047 2352 prr
1060 2285 1114 2354 ep·

87 2349 290 2436 pufltienem,
311 2355 470 2419 conuicium
482 2287 573 2435 *lesum
593 2397 600 2422 .
624 2353 678 2416 iroc
696 2350 736 2439 eft
748 2399 758 2431 ,
772 2352 990 2425 turpitudinem
1000 2348 1109 2434 suum,

94 2433 285 2514 &struimus
298 2431 395 2520 suum.
442 2435 569 2503 Deinde
586 2453 710 2518 mutat,
733 2439 762 2502 δι
785 2434 939 2522 confingit
958 2436 1121 2502 nobism-
1175 2517 1179 2522 Ι

92 2535 171 2584 ram
195 2537 308 2585 rocem
335 2523 564 2586 communium:
596 2539 689 2606 quum
713 2522 758 2588 air
778 2519 849 2585 ciis
877 2537 942 2588 non
971 2519 1119 2586 omnibus

90 2602 231 2669 auditam
260 2619 314 2671 aut
342 2606 520 2692 cognitum.
552 2605 638 2689 quod
664 2624 724 2690 ego
748 2622 813 2671 non
838 2621 961 2670 rantum
985 2604 1117 2682 fure0r3

90 2685 147 2753 sed
179 2687 256 2754 iilud
281 2689 376 2756 eriam
402 2690 505 2772 addo,
525 2708 595 2758 eam
616 2707 657 2758 ne
678 2687 885 2776 ipii.quidem
908 2688 1043 2754 auditam
1063 2702 1117 2752 uut

33 2823 36 2831 .
86 2774 251 2858 cognitam
280 2772 398 2855 tuiffe,
434 2789 604 2876 antequam
631 2791 698 2841 eam
722 2773 864 2840 cuderet.
915 2771 969 2840 Ait
991 2788 1119 2853 autem,

90 2875 127 2924 ea
152 2855 317 2944 fignificari
341 2858 491 2926 vibicem.
532 2857 570 2931 ,in
600 2877 666 2941 quo
695 2877 832 2944 pugnare
861 2857 970 2926 nolim.
1024 2855 1114 2924 Nihil

88 2941 174 3008 enim
193 2941 344 3027 aequius,
380 2961 494 3028 quam,
530 2958 566 3010 ut
583 2957 685 3027 putres
716 2961 796 3028 quae
820 2942 933 3012 uolunt
958 2941 1030 3012 filiis
1057 2961 1115 3008 no·

87 3027 174 3094 mina
202 3025 391 3110 imponunt,
429 3028 474 3093 itu
502 3046 573 3091 eum
606 3028 660 3110 qui
689 3045 803 3093 vocem
831 3027 964 3109 aliquam
995 3025 1114 3113 gignit,

86 3110 191 3196 ipsum
215 3111 341 3178 edicere
361 3111 437 3198 quid
457 3131 491 3177 ea
509 3110 672 3195 fignificari
688 3113 776 3177 veiir.
797 3111 858 3180 Sed
880 3131 951 3178 eum
976 3111 1115 3176 commrii-
1210 3163 1217 3172 .

89 3201 134 3262 cii
154 3213 273 3265 nomen
300 3195 407 3264 eudem
432 3195 533 3262 forma
556 3193 731 3279 percussum
754 3195 812 3274 iit,
834 3215 895 3282 qua
912 3197 1042 3262 verbum
1063 3213 1114 3260 ex·
1209 3207 1216 3222 ·

87 3281 293 3366 roiubrnurii,
311 3287 481 3368 utrumque
492 3281 612 3346 uuiioti
635 3277 691 3344 suo
713 3279 890 3364 diligentius
911 3279 1116 3365 excolubrun·

82 3366 165 3432 dum
183 3367 418 3454 relinquamus,
447 3364 579 3432 censeo,
619 3363 743 3431 Interea
758 3365 869 3432 melius
883 3365 1114 3433 credemusne·

81 3453 209 3521 teribus
223 3453 429 3532 membranis,
454 3450 596 3540 quae-uc
611 3448 744 3516 habent:
848 3489 867 3500 μ
986 3491 990 3504 .

174 3605 467 3712 emmeranensi
488 3639 586 3688 unnrs
604 3620 672 3710 jum
692 3619 772 3688 mihi
789 3616 948 3706 pinsetur.

73 3795 136 3864 miii
156 3795 247 3881 quod
264 3795 457 3884 corrigemus
472 3788 639 3860 ridiculum
656 3799 798 3859 errorem
811 3789 948 3866 librarii,
972 3789 1026 3874 qui
1045 3787 1119 3854 scri·

70 3881 140 3972 pfit
157 3879 328 3971 pinsum,
349 3897 424 3974 cum
439 3875 638 3951 renuendum
651 3876 761 4029 estitit}
773 3873 893 4046 {nerim
916 3888 949 3940 at
969 3875 1040 3956 elii,
1055 3874 1115 4022 gg
