2802 4920
275 347 348 457 5372
460 359 538 430 nt.
621 362 664 428 A.
731 351 1092 439 'Mu'rt'trt

279 525 361 614 petit
387 521 483 588 iiior.
509 531 700 602 nontamen
727 516 784 599 iis,
805 515 863 603 qiti'
877 516 973 602 longo
987 511 1156 582 intervallo
1172 515 1305 604 superio.

281 627 331 676 res
349 603 435 672 sunt:
457 618 493 669 ut
511 603 569 670 diis
579 651 591 686 ,
611 619 665 670 aut
683 603 825 702 regibus.
848 619 950 688 neque
967 599 1080 699 procul
1095 605 1252 685 remotis,
1272 621 1302 674 ut

284 690 422 780 Scythae
449 687 565 757 Perus.
587 686 686 756 sed'&
708 688 845 772 ejusdem
862 683 985 757 attilitu
999 683 1142 752 homines
1153 685 1238 754 inter
1254 685 1300 756 se.

283 776 368 844 unde
384 769 456 838 esta
480 771 521 838 ud
540 769 733 849 Hesiodum,
754 768 924 866 dignius'fi
947 770 1013 854 ule:
1037 769 1122 858 quod
1141 773 1300 844 tamtnlt'a

283 789 522 949 intelligendum
539 855 603 935 est,
615 855 645 932 ,fi
663 847 793 950 g'lorr'urn
812 874 856 924 ex.
868 870 910 945 eo
921 789 1046 950 fludio,
1067 867 1121 920 aut
1137 858 1297 938 pecuniam

283 956 503 1027 aucupentur.
530 939 649 1030 alioqui
678 940 760 1027 enirn
791 935 959 1018 fiinilrtudo
985 935 1157 1020 studiorum
1190 941 1299 1011 aniorlr

282 1027 390 1116 potius
415 1021 520 1112 caussa
545 1021 607 1094 elli
672 1030 851 1112 neutiquam
871 1023 967 1088 etiam
983 1019 1158 1107 superiores
1173 1013 1301 1094 inferio·

281 1112 386 1192 ribus:
404 1123 441 1174 ut
459 1105 604 1257 ‚Craqlut‘
615 1031 765 1195 &reteri
782 1107 907 1178 nobiles
918 1101 1073 1179 crescenti
1090 1105 1193 1178 adhuc
1213 1109 1302 1178 Cice·

284 1197 373 1262 nonis
394 1191 473 1284 glori
493 1205 511 1256 e
533 1190 736 1277 ‘ovidebant.
755 1191 795 1262 'dt
815 1192 908 1264 novit
929 1191 1056 1275 potius,
1074 1199 1171 1276 quani
1190 1193 1302 1260 nobili·

282 1281 361 1348 bus:
388 1279 454 1362 inq,
489 1277 554 1344 'bus
637 1276 707 1357 ius,
726 1296 819 1362 quam
840 1289 944 1346 aetate
963 1275 1139 1360 provetlis.
1163 1291 1200 1344 ut
1218 1279 1306 1353 eninr·

282 1364 294 1434 i
339 1358 365 1429 i'a'
388 1361 534 1446 exoriens
557 1362 724 1446 purimum
747 1359 955 1441 fumum‚'ita
972 1359 1138 1430 maximam
1153 1359 1299 1434 iuvidiam

283 1447 385 1536 gotia
402 1444 692 1519 exoriensextltat.
711 1447 776 1529 qui>
790 1441 926 1531 pertinet
934 1441 1159 1526 Themistoclis
1167 1443 1303 1530 dilium,

308 1533 339 1599 ui
363 1517 542 1614 addlal'ctns
565 1528 708 1610 dicebat,
730 1537 768 1601 eit
783 1549 823 1600 eo
840 1527 872 1596 se
893 1527 1089 1626 intelligere,
1110 1529 1186 1595 nihil
1201 1529 1303 1602 duma

282 1553 321 1688 ie
340 1613 503 1699 splendide
514 1611 658 1703 gestum,
673 1610 764 1698 :qnod
784 1615 922 1686 nondum
945 1613 1081 1682 invidiae
1100 1613 1197 1680 dente
1213 1629 1299 1698 pete·

285 1716 391 1770 retur.
416 1698 671 1782 magnamssetium
698 1695 951 1779 invidiam‘ildi‘t'
972 1697 1142 1768 dlltntat'o
1160 1695 1225 1770 stri:
1246 1715 1306 1774 req

284 1799 383 1868 reque
398 1775 523 1868 striplit
538 1777 614 1846 Euri
638 1781 702 1848 ides
714 1783 774 1864 ,el
788 1790 875 1860 aptat,
887 1717 1118 1866 esiejomnibui
1134 1779 1301 1866 odiqllrm',

288 1869 323 1934 dt
348 1799 715 1952 aequalecaequaiibus,
748 1850 1121 1958 problematibus,
1152 1867 1300 1938 omnino·

285 1969 348 2038 que
369 1968 457 2033 pares
486 1949 610 2034 paribus
635 1949 707 2022 idco
732 1947 831 2030 facile.
854 1945 1014 2030 inviderit,
1043 1947 1113 2033 quia
1135 1963 1191 2012 aut
1210 1965 1300 2016 ante.

287 2049 414 2101 vertere
435 2032 488 2120 ipsi
513 2033 587 2116 allis·
605 2035 739 2115 volunt,
766 2047 840 2114 aut3
860 2053 911 2102 ne.
924 2035 975 2102 alii
998 2031 1049 2104 libi
1073 2046 1301 2114 antevertant,

287 2122 402 2188 timent
413 2165 427 2214 ·.
453 2117 540 2186 &iis
582 2119 634 2202 qui
650 2119 766 2186 tradita
780 2119 835 2190 fibi
852 2118 994 2201 potentia
1014 2115 1179 2182 immodice
1200 2131 1299 2182 utun·

285 2223 354 2272 tur.
385 2202 550 2289 cujusmod
565 2275 567 2284 ¹
584 2201 731 2274 ln'uidiam
753 2203 785 2270 in
809 2201 963 2272 Catilinae
979 2199 1080 2269 caussa
1098 2197 1217 2270 cicero
1235 2219 1306 2266 me·
1370 2269 1380 2298 ἱ

285 2290 406 2356 tuebat-
461 2287 601 2355 Omnino
631 2303 736 2354 autem
766 2287 908 2354 invident
934 2295 988 2352 aut
1009 2283 1217 2362 felicitatem,
1246 2301 1300 2351 aur

283 2391 406 2461 partem
429 2371 562 2458 aliquam
582 2371 744 2460 felicitatis
754 2421 766 2446 .,
782 2372 930 2458 quocirca
953 2369 1107 2456 sapienter
1125 2369 1300 2450 Pindarus,

285 2463 389 2549 ἐξέρα,
403 2463 537 2537 nlaafflt
549 2456 660 2538 quito.
679 2468 817 2540 vereque
828 2457 926 2542 vulgo
943 2455 1007 2522 diti
1022 2451 1127 2537 solet,
1147 2453 1249 2520 tribua
1262 2471 1301 2522 et

285 2542 415 2630 optimis
436 2539 532 2610 rebus
554 2537 630 2618 troo,
643 2541 786 2626 perlimat
807 2541 898 2606 oriri:
931 2559 951 2612 e
975 2540 1111 2617 veritate
1137 2537 1264 2618 odium,
1284 2555 1304 2608 o

286 2619 499 2710 familiaritate
514 2639 732 2708 contemptum
741 2673 752 2706 ‚
762 2644 795 2706 ¹e
809 2621 962 2694 felicitate
975 2621 1126 2693 invidiam
1137 2671 1146 2694 .
1159 2621 1303 2690 invident

287 2729 392 2780 autem
425 2727 491 2776 non
519 2723 582 2774 tam
603 2707 776 2790 virtutem,
811 2716 911 2793 quarn·
929 2707 1064 2792 praemia
1088 2705 1239 2786 uirtutis,
1266 2719 1303 2770 ut

287 2815 383 2880 opes,
405 2793 562 2874 honores,
583 2792 728 2877 imperia.
750 2811 846 2860 nemo
871 2793 952 2860 enlm
973 2791 1057 2858 suam
1078 2787 1302 2858 fortitudinem

287 2879 401 2946 invidit
419 2870 561 3024 Βεέμῐο,
582 2892 634 2941 aut
651 2873 775 2942 Deciis:
787 2891 819 2943 at
834 2875 996 2948 Ciceronis
1010 2871 1193 2967 consulatus
1208 2873 1307 2942 mni·

214 3007 216 3010 -
289 2981 370 3030 mam
392 2960 460 3026 invi
483 2976 542 3026 nm
560 2955 677 3026 habuit.
719 2961 767 3026 Ac
784 2962 849 3031 tuni
871 2959 1006 3031 maxime
1019 2957 1204 3029 accenditur
1220 2957 1306 3024 invi.

292 3047 362 3126 dia,
383 3061 454 3142 ⁶¹¹¹.ss
468 3055 610 3128 generes,¹
625 3059 678 3118 aut
695 3045 848 3130 ejusmodi
862 3044 1017 3144 realiqua,
1035 3041 1188 3130 superiori
1204 3043 1306 3130 gloria

289 3131 328 3197 ab
347 3125 496 3194 inferrore
514 3125 717 3212 praeripitur.
741 3130 847 3216 itaque
868 3131 947 3196 haec
965 3127 1120 3197 rnterdum
1143 3127 1196 3197 vel
1213 3125 1305 3196 eritli

183 3227 189 3242 ·
291 3211 397 3282 caussa
420 3207 483 3302 est,
514 3226 551 3275 ut
572 3206 713 3278 Gobriae
735 3202 803 3288 fliio
825 3216 912 3282 conti
937 3217 977 3279 ἐ.
1005 3231 1071 3285 non
1092 3211 1188 3297 igitur
1200 3214 1309 3292 apim

293 3297 441 3385 invidiam
463 3291 544 3378 parit
564 3295 681 3363 virtus:
712 3293 770 3373 sed
789 3295 888 3370 virtus
899 3235 1054 3382 giornmg
1076 3295 1225 3364 invidiam
1238 3293 1311 3393 glo·

292 3383 346 3451 ria.
390 3378 518 3444 Vitatur
529 3395 633 3446 autern
654 3379 789 3462 invidit,
807 3377 828 3446 ll
848 3395 881 3445 te
895 3379 1034 3456 modeste
1049 3377 1080 3448 dt
1098 3379 1313 3462 aequabiliter

287 3485 362 3544 curn
381 3463 448 3532 aliis
466 3476 747 3562 gerat„nunquam
766 3477 800 3530 te
813 3463 894 3546 illis,
914 3481 950 3536 ut
962 3465 1005 3530 alt
1026 3461 1201 3545 Comicus,
1220 3477 1313 3529 ante·

286 3554 430 3639 ponens.-
449 3549 601 3616 mmnirur
617 3549 735 3630 etiam,
755 3547 776 3624 fi
799 3567 862 3618 non
887 3551 990 3622 omnia
1005 3547 1062 3614 tibi
1081 3565 1145 3614 uno
1159 3547 1247 3633 quali
1262 3561 1314 3611 te-

290 3655 367 3704 nore
392 3633 583 3718 procedant.
605 3650 696 3720 aegre
714 3633 821 3702 ferunt
844 3633 929 3704 enlm
952 3632 1117 3713 homines,
1137 3647 1309 3704 autunum

287 3739 361 3808 prae
385 3719 502 3784 ceteris
525 3717 706 3800 excolere,
722 3722 795 3785 ‘aut
819 3719 895 3798 uni,
932 3717 1015 3804 quasi
1044 3715 1195 3792 fonunae
1215 3713 1309 3790 illio,

283 3803 395 3871 omnin
425 3799 572 3890 prospere
587 3800 770 3883 succedere,
819 3803 981 3888 Saepeque
1006 3799 1162 3886 sapienter
1185 3801 1247 3866 viri
1273 3801 1305 3864 ln

289 3885 514 3958 secundissimis
529 3886 622 3952 rebus
647 3883 763 3974 aliquid
787 3883 841 3953 fibi
858 3888 986 3954 everare
1005 3885 1207 3954 incommodi
1219 3897 1311 3970 opta·

221 4002 227 4026 =
291 3989 386 4045 runt.
415 3970 478 4039 hoc
502 3964 545 4040 ell
568 3971 669 4055 enirn,
699 3968 1101 4059 querquetulanae
1118 3967 1312 4120 fungum:

285 4087 294 4104 a
355 4117 360 4128 ι
1235 4069 1281 4118 m
1303 4093 1321 4112 .
