2802 4920
248 309 595 384 incurrerunt.
633 303 696 376 lli.
737 306 979 420 Gauranum
1066 321 1133 404 σοι

98 471 209 544 'dmda
230 467 371 549 litteris,
399 479 522 553 gratum
540 465 573 534 id
598 465 705 534 multis
717 514 730 550 ‚
759 483 855 558 atque
873 477 1019 558 optatum
1041 470 1134 544 fore:

107 575 234 630 morem
246 556 307 624 illis
321 553 381 618 hac
418 569 523 638 unque
541 552 572 619 in
587 569 677 638 parte
691 571 800 638 gerere
815 553 921 622 volut:
945 559 977 624 dt
995 559 1032 626 ad
1046 578 1137 628 meos

108 642 257 731 pristinos
271 571 470 706 labotesfftoc
482 655 611 724 quoque
625 635 779 706 scribendi
790 658 870 706 onus
883 640 993 722 adjeci.
1035 645 1136 736 Quod

113 729 236 796 utinam
257 741 322 791 tam
345 721 424 788 utile
440 720 479 789 stt
499 722 585 799 aliis,
608 741 701 806 quam
721 742 739 789 a
761 741 813 789 me
854 723 923 790 solo
942 723 1139 814 obsequendi

117 811 230 880 amicis
243 808 413 890 desiderio,
435 806 499 874 fine
512 807 574 874 ulla
587 806 760 874 ambitione
777 769 953 957 sui'geptum
965 809 1027 879 est.
1040 831 1138 898 quan.

112 915 210 1051 poam
230 894 313 961 enirn
328 907 393 958 nou
410 908 478 958 orm
497 909 549 958 me
564 889 745 981 sapientiam
766 909 829 960 con
846 909 974 963 eentum
988 914 1063 981 prae
1084 918 1138 968 me

131 1001 211 1059 ero,
241 993 278 1045 ut
296 975 427 1062 gloriam
453 973 610 1062 spernam:
635 992 739 1043 tamen
764 994 800 1044 ea
815 977 928 1048 nostris
943 981 1140 1068 temporibus

113 1067 210 1154 copia
227 1061 275 1130 est
296 1059 349 1128 vel
371 1059 565 1128 eruditorum
589 1058 776 1140 hominum,
797 1063 852 1146 qui
869 1065 947 1130 meis
970 1066 1140 1140 luminibus

113 1151 297 1227 obstruant;
317 1143 369 1211 vel
391 1143 640 1227 malevolorum,
660 1145 715 1233 qui
738 1162 866 1213 omnem
884 1148 992 1232 judicii
1011 1151 1139 1226 laudem

116 1239 150 1304 in
170 1229 383 1317 vituperandis
405 1229 472 1296 aliis
493 1225 624 1314 politam
641 1245 772 1314 putent:
796 1247 832 1296 ut
849 1232 1042 1316 judicaturus
1063 1237 1141 1322 lim,

113 1332 242 1390 mecum
319 1315 426 1381 eclate
440 1313 563 1396 adium,
583 1314 605 1382 li
624 1313 667 1380 ita
682 1333 804 1384 caream
820 1318 940 1404 gloriae
954 1317 1083 1404 frudu,
1103 1341 1142 1392 ut

108 1403 260 1472 neobtte
294 1417 420 1468 atorum
436 1385 561 1482 quidem
575 1399 703 1466 aculeos
720 1399 861 1471 sentiam.
902 1401 1022 1486 ch,
1042 1426 1139 1492 quan.
1247 1424 1251 1432 ¹

116 1491 163 1558 do
186 1487 227 1554 de
248 1503 386 1572 quatuor
409 1483 573 1553 Clceronis
588 1484 629 1552 'in
653 1485 823 1553 Catilinam
847 1486 1045 1557 orationibus
1063 1491 1140 1560 duas

114 1572 315 1658 interpretati
334 1567 457 1649 sumus,
477 1569 542 1653 pati
553 1568 628 1636 duas
640 1569 776 1654 reliquas
789 1567 892 1638 studio
906 1571 1141 1660 persequemur.

158 1659 269 1734 Remo.
294 1651 455 1748 Quirites]
480 1651 572 1722 Hanc
587 1654 764 1722 orationem
782 1655 836 1726 alii
850 1647 1036 1742 scripserunt
1050 1659 1137 1730 habi·

117 1761 184 1810 tam
199 1739 264 1808 esse
280 1757 355 1805 non.
378 1737 535 1836 Deccmb.
559 1737 646 1822 ipfis:
657 1755 730 1838 ‘qua
746 1739 777 1806 in
792 1757 847 1822 te,
866 1759 931 1810 non
951 1735 1066 1830 magn‘o
1082 1765 1138 1813 ne·

112 1827 207 1918 gotio
225 1872 235 1905 ‚
253 1820 408 1890 manifesti
432 1839 547 1889 erroris
568 1840 718 1889 convinci
747 1841 879 1911 queunt.
919 1825 1050 1896 Etenim
1071 1848 1158 1914 ea,.

109 1930 196 2000 quae
216 1909 359 1994 proxime
380 1907 460 1971 banc
487 1904 655 1992 sequitur,
680 1906 787 1975 habita
801 1907 846 1976 est
867 1909 1023 1979 insectatu
1043 1916 1138 1984 nonis

113 1995 277 2066 Decemb.
306 1991 394 2076 quod
419 1987 550 2076 epistola
595 1985 671 2060 riina
689 1993 761 2059 libtl
783 1991 913 2064 secundi
931 1997 971 2066 ad
989 1995 1137 2069 Atticum

112 2081 233 2150 Cicero
264 2075 332 2163 ipl'e
363 2072 505 2144 testatur:
586 2093 644 2143 aec
672 2093 779 2150 autem
814 2077 911 2146 biduo
939 2095 1013 2150 ante
1049 2081 1138 2153 habi.

114 2183 149 2232 ta
170 2165 294 2240 fuerat,
317 2177 354 2225 ut
368 2159 509 2227 indicant
529 2161 625 2227 verba
641 2160 728 2230 illae
746 2161 912 2249 sequenti:
936 2163 968 2232 Is
987 2165 1025 2240 td
1041 2171 1134 2238 nuda.

108 2271 149 2320 us
171 2254 281 2328 tertius
298 2249 331 2310 in
346 2241 508 2331 colludium
521 2247 601 2311 cives
625 2243 669 2312 R.
689 2245 794 2323 dedit,
825 2249 863 2320 δ’
877 2248 1135 2333 supplicationem

111 2333 194 2402 otilti
221 2332 374 2406 deertttt3
403 2327 440 2404 {i
465 2329 582 2396 indicet
608 2325 742 2415 deflerat
761 2331 810 2395 dit
825 2336 967 2400 araximis
984 2343 1135 2422 praemiis

108 2415 235 2508 offecit.
278 2412 406 2480 Constat
420 2413 540 2500 igitur,
556 2411 637 2480 haue
656 2413 792 2482 habitam
806 2413 874 2480 esse
887 2433 950 2484 111.
966 2435 1043 2486 oon.
1065 2420 1134 2492 De·

107 2503 218 2572 cemb.
249 2497 440 2567 Continetur
465 2511 571 2566 auteur
603 2513 740 2586 quatuor
764 2500 941 2586 praecipuis
965 2504 1135 2587 partibus.

108 2591 248 2678 primum
270 2583 354 2650 enirn
373 2583 463 2649 brevi
488 2583 619 2650 exordio
642 2582 815 2668 populum,
838 2585 869 2652 de
889 2585 944 2652 libi
962 2590 1134 2670 conciliat,

110 2679 316 2743 &attentum
339 2686 376 2734 ac
392 2665 530 2739 docilem
553 2667 677 2736 reddit.
698 2667 812 2736 deinde
835 2682 959 2748 narrat,
988 2689 1086 2756 quem
1102 2675 1142 2748 in

107 2758 244 2828 modum
268 2775 286 2819 a
307 2751 339 2820 se
363 2747 523 2840 patefadia
547 2767 642 2840 atque
661 2752 810 2903 oppressa
825 2754 1002 2838 conjuratio
1015 2755 1135 2843 fuerit,

103 2844 251 2928 quidque
264 2839 355 2922 super
366 2855 403 2903 ea
415 2855 451 2903 re
466 2836 627 2906 decretum
642 2855 660 2904 a
689 2853 795 2904 enatu.
823 2837 905 2906 hanc
920 2843 1133 2916 narrationem

103 2927 252 3014 sequitur
283 2921 516 3008 amplificatio,
551 2939 632 3007 quae
668 2921 791 2990 constat
825 2929 1131 2998 commemoratione

101 3007 344 3100 prodigiorum,
372 3005 486 3104 quibus
510 3005 588 3074 haec
610 3007 787 3089 coniuratio
803 3007 897 3090 praeli
943 3009 1136 3080 ificatafue.

105 3113 181 3176 rat;
200 3095 230 3160 dr
255 3106 492 3176 comparatione
519 3090 601 3156 illius
619 3109 693 3158 cum
707 3091 822 3158 ceteris
844 3093 992 3161 cleribus
1011 3097 1133 3177 itrtesti·
1189 3165 1191 3170 ,

103 3185 224 3278 nisque
250 3175 371 3324 bellios
393 3171 556 3324 Postremlo
584 3173 675 3242 brevi
701 3176 904 3325 perorsatione
928 3182 1132 3254 commendat

103 3259 722 3436 inlitamiaamlm
737 3259 1135 3438 animaliter

99 3437 290 3526 pollicetur.
335 3429 451 3527 §mera
467 3435 485 3512 ‚'
516 3447 597 3514 quae
630 3431 668 3496 ad
695 3448 911 3528 argumentum
938 3435 1136 3532 pertinent,

100 3519 173 3590 suis
190 3519 270 3584 locis
284 3514 460 3600 lingrllatrm
478 3513 807 3584 commemorabimus.

150 3605 263 3688 liemp.
289 3599 450 3692 Quirites]
475 3597 550 3665 Uno
574 3599 652 3684 reip.
682 3601 813 3672 nomine
842 3604 955 3674 euntia
984 3609 1138 3690 quodam

102 3689 213 3760 modo
236 3685 356 3767 reliqua
376 3683 607 3769 eontinentur.
634 3677 687 3750 sed
711 3681 756 3752 est
776 3685 855 3752 haec
879 3691 960 3768 tat‘n
981 3697 1136 3776 quaedam

95 3771 350 3862 amplificandi,
377 3787 470 3853 qoam
493 3765 582 3854 supra
598 3785 728 3854 quoque
742 3769 920 3858 tetigimus:
941 3789 977 3843 ut
991 3795 1065 3847 cum
1087 3797 1136 3858 tua

92 3879 181 3938 tum
206 3856 322 3942 aliquid
342 3851 573 3941 proposueris„
600 3869 705 3950 parter
727 3855 821 3926 etiam
849 3861 1040 3932 enucleatius
1064 3884 1136 3952 perp

95 3948 255 4056 sequare.
1039 4025 1145 4119 Bm,
