2774 4900
232 353 285 408 tar
327 335 626 408 cananaea
668 337 951 412 Commune.
1041 356 1109 428 74,Ι

109 485 110 494 '
135 495 334 594 imperuim]
356 492 387 561 ia
404 494 538 579 antiquis
555 493 717 562 codicibus
738 497 912 580 experitis,
934 496 1020 580 quod
1040 515 1111 582 aon!

91 599 213 654 temere
240 579 440 661 rejiciendum
467 577 529 654 est.
560 581 603 646 ita
632 581 716 645 enim
738 580 836 645 multa
860 593 984 647 veteres
1000 583 1109 646 dixere

93 691 111 736 a
133 667 205 732 endi
223 681 324 740 voce,
347 681 430 747 quae
454 679 539 729 auae
563 679 685 730 tantum
708 681 765 745 ea,
785 681 866 746 quae
881 665 1019 748 patiendi
1041 665 1108 744 est,

95 773 114 818 e
142 765 292 816 eruatur:
331 749 362 814 ii:
388 763 511 813 contra.
556 747 643 840 Quin
661 747 731 814 -hoc
756 765 885 831 quoque
907 745 974 832 ipso
997 749 1110 831 alicubi

98 838 202 902 utitur
223 833 362 900 Piautue.
412 831 479 896 Tun
503 851 549 896 um
575 845 604 896 te
623 831 745 918 prium]
781 831 825 896 est
848 850 946 916 genus
971 826 1130 917 figentes

95 919 184 1004 quod
204 915 318 980 Graeci
336 914 457 998 poium,
528 915 584 982 tini
601 919 837 981 imminutionem
856 931 910 982 aut
925 921 1112 984 extenuatio.

95 1024 163 1088 nem
184 1014 320 1066 vocant.
349 1015 390 1062 eo
411 995 464 1082 qui
486 1002 532 1062 uti
552 999 686 1079 voluat,
708 999 761 1064 ubi
782 1000 852 1083 quin
873 999 965 1066 alium
987 1018 1114 1084 percus·

96 1089 192 1167 serit,
214 1085 379 1170 pupugerit
394 1099 453 1161 ve,
473 1099 527 1147 aut
541 1079 698 1168 inignitee
711 1085 803 1148 etiam
818 1080 959 1164 laeserit,
972 1087 1107 1168 tetigisse

94 1174 228 1240 dicunt.
259 1185 295 1232 ea
316 1163 420 1232 caussa
438 1165 502 1245 est,
530 1184 588 1232 cur
605 1185 826 1250 nonnunquam
842 1165 941 1250 ipsum
965 1170 1116 1254 tangendi

96 1257 231 1325 verbum
250 1251 332 1316 idem
346 1249 469 1331 valeat,
492 1251 578 1334 quod
595 1269 778 1334 percutere,
802 1270 957 1336 pungere,
977 1252 1109 1318 laedere.
1139 1305 1141 1310 .

98 1338 275 1406 Terentius
303 1333 483 1412 Eunucho,
519 1335 588 1426 Qua
612 1335 700 1416 pnite
729 1335 880 1400 Rhodium
906 1340 1060 1420 tetigerim
1078 1339 1113 1402 in

97 1427 254 1490 conuiuia.
278 1415 387 1496 idest,
408 1417 525 1486 acerbo
546 1417 753 1504 aculeatoque
771 1419 857 1486 dicto
871 1420 953 1505 quafi
974 1439 1112 1507 pupuge·

95 1510 168 1577 rim.
209 1501 414 1588 Propertius,-

184 1773 187 1780 .
218 1671 317 1762 Quem
337 1669 442 1752 tetigit
456 1669 544 1753 jaiiu
567 1683 666 1736 certus
687 1671 727 1736 ati
749 1668 813 1758 assu
834 1669 917 1737 deut.

100 1839 155 1906 ubi
178 1837 271 1920 etiam
291 1834 418 1901 videtur
437 1833 529 1900 duiia
547 1836 700 1902 tralatioa
717 1835 897 1918 sagittariis,
940 1837 970 1904 ui
990 1805 1115 1924 tangere

66 1975 69 1984 .
99 1926 266 2001 dicuntur,
287 1925 345 1986 im
363 1919 388 1984 i
404 1927 498 1992 mei
515 1922 712 1997 inminet,
750 1922 878 1988 Plautus
895 1856 1072 2005 Pffeudoio,

146 2091 184 2157 Si
204 2089 348 2153 nemimem
369 2085 465 2150 u'iium
483 2067 608 2170 potera,
629 2098 712 2152 tuum
735 2097 859 2171 tangam
874 2047 1004 2171 putrem.

65 2251 135 2329 eat
150 2253 216 2333 est,
238 2271 310 2318 eum
328 2251 471 2318 multabo
489 2249 552 2318 hoc
566 2251 697 2332 damno,
719 2213 882 2337 emungant
902 2271 971 2319 eum
985 2253 1042 2320 hac
1055 2272 1109 2339 pe.

101 2341 204 2410 cunia
226 2339 307 2403 idem
329 2337 496 2417 Poenulo,
1114 2333 1117 2341 ’

140 2469 227 2562 Quia
248 2471 345 2533 cernit
365 2487 487 2550 amare,
517 2463 664 2534 nominem
688 2463 750 2532 tuit
771 2463 836 2528 ient
858 2477 994 2552 tangere.

101 2593 246 2663 Catullus
266 2589 372 2676 supra,

234 2699 258 2738 ·.
450 2703 489 2728 -·-
509 2678 591 2740 uelut
609 2677 695 2760 prati

209 2761 347 2827 Ultimus
361 2759 444 2844 flue,
463 2772 672 2843 praetereunte
688 2752 845 2843 puliquatn

211 2845 323 2912 Taiius
339 2860 445 2910 aratro
463 2839 514 2928 esi.

99 3015 217 3084 Graeci
239 3029 366 3098 quaque
389 3012 529 3090 epipam
543 3009 793 3087 vmaedicunt
813 3027 901 3090 eum,
931 3009 985 3094 ptri
1006 3012 1117 3078 maiie-

98 3123 166 3170 rem
190 3097 365 3184 quampiam
390 3095 562 3182 depereat:
599 3095 788 3180 quomodo
822 3093 981 3162 &iatini
1007 3096 1117 3166 dicuat

98 3205 199 3254 umore
222 3178 401 3268 percussum.
447 3179 610 3266 Virgiiius,

128 3329 283 3448 Quarum
294 3348 389 3434 surra
400 3347 472 3426 seru
487 3353 608 3436 ingenti
618 3337 775 3434 percussus
790 3361 900 3412 amate.
931 3342 1116 3432 Lucretiae,

42 3489 45 3496 ,
147 3433 297 3517 Pertusfit
318 3431 422 3520 thyrsa
444 3433 544 3502 iaudts
559 3434 630 3522 spes
652 3450 764 3518 magua
785 3449 880 3498 tutum
903 3449 964 3497 cur.

105 3571 141 3638 Si
159 3567 193 3634 tt
208 3565 329 3646 faterer
343 3561 470 3652 sutum]
492 3565 536 3634 fic
552 3563 732 3642 Martialis,
786 3623 789 3634 .

146 3695 289 3782 Denique
307 3694 438 3779 perdica
460 3693 659 3760 Muenuriune
673 3687 778 3777 satur.

102 3859 243 3940 etenim,
271 3879 344 3930 cum
371 3860 481 3938 saturi,
514 3863 545 3928 tit
573 3858 692 3926 deliciis
716 3858 881 3925 affluenter
905 3852 1046 3924 homines
1068 3859 1123 3925 iiie

103 3947 296 4032 eoaquirunt
307 3992 320 4028 ‚
340 3947 442 4016 miaue
468 3946 582 4020 aarum
607 3941 669 4010 est:
689 3957 742 4023 at,
768 3941 791 4010 fi
813 3941 897 4023 idem
913 3938 1033 4010 faciant
1051 3943 1122 4010 ino-

1046 4043 1124 4112 Pei»
