2750 4906
239 320 909 466 virginitas-tuiz
1022 365 1087 434 rea
1210 427 1216 440 ,
1356 333 1357 414 i

76 509 209 602 niglam
229 510 362 592 bibant,
383 527 479 597 qttam
498 507 523 582 li
541 509 687 582 bibelent
703 513 818 582 niven.
838 501 911 581 -iia
931 525 984 582 me
1004 521 1081 584 eon·
1135 569 1139 584 .

79 598 222 666 suetudine
245 611 392 662 utentem
419 615 492 662 cum
505 597 633 664 amicus
656 598 803 682 quidam,
822 595 876 684 qui
890 597 1077 668 medicinam

77 683 243 760 sallt'tabat,
269 699 329 766 pro
356 678 461 746 nostra
476 679 694 748 familiaritate
716 681 982 766 reprehendereta
1016 683 1075 750 Vel

78 789 111 848 aa
127 765 314 844 Macrobio,
346 765 470 848 inquit,
502 765 522 832 s
546 763 633 834 sorte
654 764 831 834 noseorum
851 767 946 832 librat
972 767 1080 833 minua

77 851 240 934 frequenter
262 849 411 927 lectitas,
448 846 567 915 discere
589 857 738 934 poterat,
774 851 881 919 nivem
906 851 1004 933 quia,
1033 870 1072 918 an

74 953 168 1019 aqum
203 931 261 998 islo
289 933 389 997 morlo
419 931 635 1018 refrigeratam
662 933 774 1014 bibat,
810 934 885 1000 nihil
913 935 1071 1012 interesse.

76 1021 208 1103 Cumque
226 1035 285 1100 ego
304 1015 487 1094 subridens,
509 1019 679 1114 quidquam
693 1019 755 1085 talc
767 1019 850 1103 apud
871 1018 1072 1113 Macrolpiunt
1148 1079 1152 1086 .
1184 1091 1190 1110 ι

75 1101 126 1187 legi
144 1099 335 1168 abnuissem:
363 1100 506 1184 lubestt,
538 1101 641 1186 inquit
667 1099 749 1183 ille,
781 1100 918 1187 proferri
946 1103 1070 1172 librum.
1133 1113 1136 1122 ·

76 1185 141 1279 Quo
154 1186 295 1270 prolato,
313 1185 356 1250 ita
368 1186 493 1268 quidem
508 1185 541 1253 in
558 1204 599 1252 eo
612 1181 760 1272 scriptum
775 1185 970 1270 reperimur:
992 1185 1071 1272 Jarr

76 1269 295 1352 laeuumque
306 1269 468 1349 Avienus,
489 1269 572 1356 nasse
585 1287 657 1336 arra
666 1316 677 1350 ,
699 1289 753 1335 tur
766 1285 867 1356 uque,
886 1283 962 1357 pune
976 1269 1079 1354 otrsr'tun

75 1357 159 1438 glanis
177 1357 292 1422 uirium
310 1355 491 1438 perducitur
512 1356 554 1422 acl
570 1354 701 1420 uultu
725 1357 878 1442 rigarent,
898 1372 959 1420 non
972 1357 1072 1421 minut
1117 1392 1121 1401 ι

75 1444 104 1504 ir
116 1451 183 1522 putu
205 1439 300 1503 noxia
316 1433 376 1520 efl,
399 1457 487 1523 ptum
505 1458 544 1504 ex
562 1425 627 1522 ipsa
646 1442 716 1504 nire
734 1451 816 1526 uque
834 1435 975 1524 resoluta.
1010 1437 1073 1506 Soti

73 1521 107 1587 al
119 1522 187 1588 libri·
198 1521 368 1606 marginem
384 1521 572 1606 adscriptum
591 1539 656 1588 erat
672 1536 740 1588 mea
757 1533 849 1590 manu
890 1521 1076 1608 particulam

76 1618 169 1687 trau,
187 1605 418 1701 redundare,&
433 1598 723 1673 delendamtideri.
762 1601 808 1674 At
827 1569 902 1687 ilie,
923 1597 1006 1688 illa,
1030 1607 1076 1674 int

77 1690 155 1774 quit,
173 1692 268 1756 nodo
284 1689 378 1754 facile
395 1689 493 1756 fuerit
513 1690 644 1766 cuilibet
659 1689 801 1774 scriptori
816 1689 989 1776 quamlibet
1004 1683 1073 1759 seri·

75 1775 187 1841 tentiam
202 1774 385 1859 adfingere,
414 1775 435 1840 st
455 1789 497 1840 ert
518 1767 685 1861 negatione
697 1771 946 1847 adfirmationem
965 1765 1073 1844 facete

73 1856 163 1954 liceat
200 1859 290 1926 Tum
317 1872 400 1942 ego,
433 1857 584 1956 Quaeso,
615 1861 761 2008 inpuant,
787 1859 1074 1928 consideratarum
1196 1869 1199 1874 '

78 1961 215 2010 rationum
229 1959 393 2010 momenta
406 1947 519 2027 qulbus
536 1941 636 2008 statim
667 1944 835 2010 ententiam
854 1942 937 2010 suant
953 1945 1073 2013 confir*

73 2043 148 2090 ruat:
174 2045 207 2094 ut
226 2041 337 2112 aperte
351 2027 460 2092 vldeas
482 2029 681 2114 negationem
705 2027 771 2094 esse
793 2021 976 2097 tollendam.
1018 2031 1075 2096 nir

75 2111 157 2259 *lla
170 2111 1074 2282 illa‘elleltliiilssllls‘eltlt‘iit

206 2261 209 2266 a
293 2243 304 2277 a
531 2240 543 2275 a

75 2213 168 2344 iente
185 2295 233 2348 aut
249 2297 286 2344 ex
301 2297 422 2364 puteo,
438 2292 491 2345 aut
508 2282 603 2346 etiam
616 2293 716 2358 eam,
738 2293 799 2364 qua
819 2293 898 2362 ego,
918 2293 954 2344 ut
972 2277 1077 2346 omnl-
1155 2277 1159 2284 '

77 2381 128 2425 um
152 2359 338 2426 saluberilma
357 2379 430 2430 utor
470 2376 581 2447 aquam
604 2363 765 2447 pluviam,
789 2359 982 2427 circumdata
999 2363 1075 2430 ulva

72 2443 301 2530 refrigeratam:
321 2443 371 2512 sed
393 2463 412 2512 e
443 2467 462 2513 e
482 2448 514 2515 in
534 2445 584 2512 illa
602 2447 685 2511 aliud
700 2461 764 2513 non
777 2445 879 2512 minut
896 2445 1073 2511 incommo-
1213 2519 1216 2527 ,

72 2531 154 2596 dum.
201 2529 281 2596 Cum
306 2531 382 2597 enim
404 2533 519 2598 hmnot
544 2531 576 2598 vi
594 2529 720 2615 sligoris
733 2525 878 2596 densetur
891 2539 930 2594 ac
945 2539 1006 2596 con
1045 2544 1077 2594 e-

74 2614 128 2680 scit
141 2615 181 2680 in
200 2616 323 2694 nitent,
344 2629 393 2680 aut
409 2617 440 2682 ln
453 2611 603 2702 glaciem,
624 2629 704 2700 quae
716 2627 820 2697 partes
833 2614 864 2680 in
880 2547 1077 2686 eosutttiioa

71 2715 114 2766 ter
134 2711 172 2765 ac
192 2701 347 2766 tenuiores
366 2693 453 2782 sunt,
475 2717 526 2766 eat
550 2703 580 2769 itt
604 2695 661 2766 illo
680 2689 749 2784 ipso
767 2697 949 2783 compressu
965 2709 1080 2766 avant·

73 2781 149 2850 scere
165 2803 208 2849 ac·
223 2783 334 2853 difflari
358 2783 489 2854 necesse
508 2781 568 2852 estt
590 2781 668 2852 solas
682 2795 787 2850 autem
805 2801 874 2850 man
911 2777 1077 2860 etraslio,¹

73 2885 131 2950 rer,
157 2868 471 2968 &ponderosiores,
500 2867 533 2935 id
558 2867 620 2949 est,
641 2867 850 3018 igstustaquae
865 2801 947 2952 ‹ititli
969 2866 1075 2938 saecel'
1135 2889 1138 2894 ’

74 2954 201 3034 quadam
223 2973 263 3020 ac
286 2969 480 3020 retrimenta.
520 2951 629 3038 ltaque
698 2965 769 3036 quta
800 2969 855 3016 vas
882 2959 980 3036 aquae
999 2949 1073 3038 gelu

75 3035 231 3106 tillnlinut
258 3037 393 3104 admoto
415 3037 487 3124 igne
510 3036 556 3103 die
571 3037 683 3118 olvat,
703 3038 806 3102 minor
826 3034 941 3106 medus
959 3047 1085 3122 aquae,

75 3135 150 3204 quam
168 3121 413 3202 antealtfuetass
441 3120 636 3206 reperietur..
652 3113 773 3270 ,guod
799 3129 983 3205 argumento
1013 3118 1076 3200 est,

75 3206 161 3272 inilia
173 3205 385 3276 concretione
398 3219 521 3290 partem
539 3201 671 3290 aliquam
727 3203 820 3285 iisse,
843 3215 880 3268 ae
897 3201 1073 3290 dissipatam

18 3307 19 3312 ¹
73 3288 130 3355 etse
179 3292 297 3360 Nocet
321 3290 419 3374 igitur
443 3289 629 3374 corporibus
652 3289 716 3354 tion
740 3301 804 3359 tam
836 3283 956 3371 frigore
984 3283 1073 3371 ipso,
1171 3311 1184 3342 r

75 3389 151 3456 quem
170 3373 396 3451 ctaafitudine,
421 3391 458 3440 ac
475 3375 625 3460 pondere.
668 3364 778 3455 ltaqt'te
790 3367 907 3440 etiamst
927 3369 1078 3439 dissoluta

73 3457 198 3542 calefiat,
216 3475 328 3546 aeque
351 3459 445 3524 noxia
463 3457 533 3524 erit.
574 3455 650 3522 Hoc
669 3455 781 3522 vitium
804 3455 1077 3542 quod'maitimuttl

74 3539 129 3622 til,
144 3545 179 3612 ab
195 3549 279 3626 lta'e,
306 3559 369 3629 qua
387 3557 448 3628 ego
465 3557 563 3621 utor,
581 3535 690 3605 abesse
708 3555 794 3604 certe
817 3539 917 3622 videt,
962 3535 1020 3606 tiu
1032 3541 1079 3608 die

74 3625 138 3704 un,
164 3629 193 3696 lt
216 3649 257 3699 re
276 3624 374 3714 paulo
392 3621 571 3692 accuratius
590 3619 801 3702 considerata,
827 3621 995 3708 acquievit.
1040 3623 1075 3692 1rt
1101 3669 1105 3678 ι

71 3712 165 3782 eaden
182 3732 292 3784 autem
306 3709 366 3778 illo
382 3708 540 3776 Macrobii
556 3708 631 3774 loco
645 3695 813 3772 leviuscula
826 3707 977 3793 quaedam
1014 3723 1080 3776 raas

70 3808 144 3862 teret
169 3815 206 3866 ex
228 3795 354 3865 veteris
376 3793 446 3860 libri
472 3789 536 3862 ilde
558 3810 577 3858 a
597 3803 648 3858 nte
671 3791 832 3858 emendata
856 3805 953 3858 erant.
993 3720 1078 3858 ium

67 3879 117 3944 ubi
133 3883 243 3968 legiam
254 3930 265 3963 ,
288 3895 368 3968 quat
384 3877 425 3958 tsi
452 3879 626 3964 corpulenta
639 3865 704 3967 pasl
727 3887 857 3944 terrum:
882 3888 973 3942 vetut
987 3866 1080 3944 habu·

68 3960 134 4046 lat,
156 3986 214 4056 qua
233 3965 275 4056 est
291 3961 471 4053 torpulentn
480 3959 543 4049 pnfl
559 3973 702 4110 temon&
727 3953 771 4028 Et
788 3953 882 4046 paulo
900 3959 991 4045 poll,
1015 3971 1081 4109 mg.

70 4105 73 4116 .
566 4106 581 4138 ,
921 4099 929 4110 ,
