2774 4900
247 399 302 452 ru
348 380 651 452 Coroneum
691 381 984 458 coutetur.
1066 399 1128 477 761

92 543 228 634 persona
247 535 401 624 loquitur.
442 537 456 606 l
478 559 583 624 nune,
603 540 729 628 inquit,
753 542 896 630 quisquis
913 563 968 629 es,
989 547 1019 612 ie
1040 563 1072 616 te
1088 550 1128 620 ad

97 631 227 700 nobiles
244 631 363 692 amieos
380 625 559 712 applicato,
580 645 596 692 a
619 626 735 710 quibua
754 645 819 696 tam
840 629 970 714 pulchra
983 629 1126 702 facinora

95 718 151 782 edi
170 714 290 780 videat.
331 711 378 776 At
397 713 482 788 uotis
497 715 579 778 mulo
597 712 695 778 multo
714 717 749 780 eii
763 717 893 800 deaeque
906 715 1026 805 Dent]
1050 739 1127 788 cou-

93 817 148 871 tra
162 797 293 869 Plautus
307 793 473 877 Poenulo,

184 993 229 1020 ·-·
250 983 291 1046 o,
313 963 466 1063 multasti
488 963 547 1064 tili
569 963 638 1064 cient
662 970 764 1067 ionop

185 1049 286 1144 Quem
308 1046 363 1116 lrtt
383 1069 426 1115 me
440 1044 583 1135 ,uitultllt
605 1066 667 1120 tum
689 1049 821 1138 lepidum
830 1047 1045 1138 speiloeulaoa
1123 1095 1126 1104 ·

47 1227 50 1236 .
94 1168 134 1238 ot
154 1165 187 1232 in
207 1162 317 1230 eadem
337 1145 465 1244 fabella,

181 1273 231 1341 Di
252 1271 382 1358 deaeque
402 1273 488 1339 uelis
510 1275 607 1342 multa
628 1275 708 1343 ione
728 1277 819 1353 eleut,
843 1295 908 1342 eum
930 1277 1009 1358 milri

181 1361 225 1428 Et
248 1357 538 1450 imprecemur,
560 1361 597 1437 ἐφ’
620 1359 727 1428 bouem
746 1360 894 1446 praetium
915 1361 1010 1429 detis.

96 1449 134 1529 ὀὶ
154 1456 295 1539 rursum,

183 1573 294 1644 Multo
316 1570 377 1639 tibi
395 1573 429 1641 eli
449 1573 519 1642 eleut
534 1573 633 1656 ione,
657 1593 722 1641 tum
739 1591 784 1640 me
792 1570 915 1660 saltum
933 1573 992 1662 esse
1007 1579 1066 1644 eis.

147 1739 326 1828 opprobria
344 1743 493 1822 Romuli,
531 1741 717 1828 Remique.]
749 1740 793 1810 ita
815 1760 873 1808 eon
897 1759 1012 1824 vocae,
1041 1747 1128 1830 quod
1155 1815 1156 1818 ,

100 1827 262 1899 saliorum
282 1826 407 1894 suorum
425 1827 620 1912 turpitudine
633 1827 794 1894 veteribus
806 1828 974 1908 Romanis,
995 1829 1129 1918 iplisque

97 1916 185 1986 adeo
203 1913 287 1982 urbia
307 1909 530 1984 fundatoribus
547 1912 699 1983 dedecori
717 1911 785 1980 esse
803 1912 994 1981 videremur.
1035 1981 1038 1988 ,

269 2091 962 2198 1tenesnnnm

152 2251 232 2348 Quis
247 2251 308 2322 'lete
331 2265 398 2338 pete
442 2247 587 2338 uidete]
614 2250 813 2336 indignatur,
835 2250 1029 2322 Mamurram
1052 2255 1129 2324 eor·

106 2340 246 2408 mianum
269 2335 363 2404 stulta
430 2333 544 2414 elaris,
573 2354 646 2402 cum
667 2355 733 2419 quo
756 2333 850 2421 stupri
867 2337 1129 2419 consuetudinem

104 2424 261 2501 habebat,
285 2419 472 2490 liberalitate
488 2421 526 2487 ad
546 2435 646 2486 tantas
667 2421 813 2505 pecunias
828 2419 966 2502 venisse,
992 2439 1028 2489 ut
1045 2421 1130 2490 solue

103 2509 227 2594 aliquot
242 2508 475 2592 provinciarum
493 2524 572 2588 opes
586 2504 744 2590 possedere
762 2505 935 2574 videretur.
973 2503 1027 2574 De
1042 2507 1132 2591 huius

107 2595 243 2679 opibus,
265 2591 294 2655 oe
315 2589 434 2658 luxuria
454 2589 528 2654 vide
541 2589 675 2656 Plinium
693 2589 749 2656 lib.
765 2610 904 2658 xxxvl.
950 2591 1006 2658 Est
1022 2611 1130 2659 tutem

105 2675 331 2758 memorabile,
355 2675 441 2761 quod
458 2689 561 2741 narrat
583 2673 806 2760 Tranquillus,
830 2675 871 2740 ita
886 2675 951 2742 leni
964 2675 1129 2744 Caesarem

105 2761 207 2832 fuisse
226 2763 372 2846 ingenio,
393 2775 445 2838 ot,
472 2779 536 2824 tum
547 2755 767 2844 ssbiperpetuu
784 2759 833 2824 leis
851 2758 984 2842 uerfibus
996 2763 1133 2846 impolito

104 2847 168 2933 esse
186 2845 338 2932 stigmate
361 2845 573 2928 intelligeret,
598 2857 698 2909 tumen
720 2836 872 2910 Catullum
887 2843 1135 2929 satisfacientem

100 2930 168 3018 filei
188 2931 244 3014 (id
265 2927 328 3013 est,
349 2926 479 2995 testibus
498 2924 710 3012 praesentibus
725 2929 950 3010 affirmantem,
971 2931 1136 3014 poenitere

111 3017 169 3096 se,
193 3015 279 3102 quod
294 3034 330 3080 ee
347 3010 532 3098 scriplisset:
554 3012 634 3080 hanc
649 3015 730 3080 enim
747 3013 813 3080 ese
834 3015 897 3079 vim
920 3015 950 3082 in
972 3015 1017 3082 his
1036 3017 1129 3084 rebus

109 3100 221 3181 verbi,
256 3097 419 3179 etissuciu,
442 3095 515 3163 satis
536 3109 580 3164 'ex
607 3098 838 3182 Amphitruone
863 3099 983 3175 Plauti,
1012 3099 1131 3168 &Te-

105 3187 202 3253 rentii
249 3183 298 3250 del
322 3183 392 3262 liis,
414 3181 445 3250 lle
467 3182 624 3248 Cicerone
644 3201 703 3267 pro
718 3183 835 3250 Roscio
857 3184 1016 3252 comoedo
1037 3185 1129 3252 intel·

106 3271 163 3357 ligi
179 3202 429 3356 pottllseudem
440 3267 490 3332 elie
502 3267 680 3336 adhibuerit
701 3287 808 3345 tenue,
831 3266 1018 3354 hospitioque
1030 3275 1132 3352 pettit

108 3351 233 3508 ‘iiiii
248 3354 353 3525 lii
368 3349 1131 3522 stillet,terlitill‘llili‘imellei?

109 3521 277 3610 Cinaede]
302 3538 414 3590 notum
435 3521 480 3588 est
495 3519 594 3599 illud,

152 3695 235 3767 Eece
255 3689 367 3782 Caesar
389 3711 468 3760 nunt
491 3689 679 3772 triumphat,
702 3693 757 3776 qui
770 3687 897 3776 subegit
922 3689 1059 3762 Gellius.

149 3779 332 3854 Nicomedes
350 3795 412 3842 nou
434 3775 624 3861 triumphet,
648 3779 702 3860 qui
715 3773 843 3861 subegit
868 3775 1037 3858 Caesarem.

153 3945 316 4038 Romule]
348 3945 413 4012 hoe
439 3943 569 4012 nomine
587 3941 678 4029 saepe
703 3944 873 4014 utebantur
894 3945 925 4012 in
946 3963 1021 4026 eoe,
1050 3964 1131 4029 quot

99 4031 277 4125 fignificate
301 4031 455 4102 volebant
475 4027 792 4202 ditllmillimoBsbgelse
816 4030 964 4114 Romuli,
985 4029 1136 4206 multante.
