2774 4900
276 310 351 378 800.
431 299 540 384 ,M.
615 296 1090 385 bidonem

361 475 428 545 Ant
444 472 546 538 teretis
559 471 653 554 pueri
661 510 675 544 ‚
700 467 821 554 longam
840 467 1015 534 renedonrit
1032 486 1157 556 certem

277 633 321 704 Et
336 628 506 704 Martialis,
526 626 612 692 inter
626 639 854 708 cetera,quae
865 621 903 690 ad
920 625 1008 706 pueri
1032 628 1317 710 pulchritudinem

275 719 415 793 faciunt,
435 709 555 792 exigit,
579 723 614 772 ut
636 711 737 771 nrolles
760 718 788 773 ei
814 711 890 772 colla
912 709 1069 792 isogallenr
1085 735 1201 782 comae.
1253 723 1315 784 At.

198 825 199 832 ¹
276 795 337 888 que
356 801 427 864 ltine
449 795 599 860 videlicet
616 792 760 878 syranus
783 789 913 878 sophista
937 791 1054 878 scripsit
1073 803 1220 864 cinaedos
1247 803 1314 888 etse
1371 867 1372 870 ,

273 900 380 974 parerat
409 899 532 946 amnes.
567 883 619 961 qui
643 879 759 939 olerent
779 897 889 942 enitimur
909 893 920 942 .“
951 881 1162 948 tondebantur
1193 905 1313 954 autern

229 972 232 980 ’
275 987 390 1036 uxores
408 961 596 1031 ducentibus
615 961 761 1026 dominis:
784 978 836 1026 aut
853 961 969 1043 alioqui
984 981 1056 1030 cum
1075 967 1130 1050 ipsi
1144 969 1212 1048 jam
1234 993 1317 1036 exo·

274 1055 446 1120 lel'cerent:
468 1049 553 1128 quod
574 1035 728 1112 interdum
749 1066 857 1112 munuc
875 1065 979 1112 novae
1000 1047 1084 1132 ipsae
1098 1071 1223 1138 nuptae
1241 1058 1317 1126 obi·

274 1140 357 1205 barat.
403 1132 576 1212 Martialis,

309 1369 310 1374 ,
354 1305 481 1380 Flamen
505 1313 648 1366 texantur
662 1295 808 1382 sponsor:
825 1299 891 1384 jam
909 1299 1002 1366 raeda
1021 1315 1139 1388 parurn
1162 1303 1220 1394 esi.
1371 1295 1372 1298 ¹

408 1387 555 1455 Tondebit
574 1397 680 1469 portas
698 1385 765 1469 jam
785 1403 863 1449 nouo
885 1397 980 1472 nupto
1003 1399 1080 1485 inat.

283 1559 310 1627 F
312 1577 364 1624 ete
381 1574 485 1624 autem
500 1572 615 1632 comae,
630 1551 773 1618 libamina
792 1551 936 1618 dicabant
955 1554 1047 1622 alicui
1064 1555 1149 1638 deo,
1172 1577 1210 1626 ut
1229 1563 1312 1628 mul·
1370 1529 1372 1596 i

207 1701 209 1706 ,
279 1647 319 1710 tls
339 1664 377 1707 ex
395 1639 541 1706 Martiale
561 1640 589 1700 u
613 1639 740 1721 Papinio
759 1637 838 1702 locis
853 1637 1002 1721 cognosci
1016 1639 1131 1722 pot'est.
1175 1649 1310 1712 Cinara·

279 1726 374 1812 rint]
408 1727 450 1788 ita
477 1721 618 1788 tonsores
647 1722 823 1800 vocabant3
853 1721 938 1804 quod
960 1743 1053 1788 unum
1071 1725 1112 1791 de
1128 1729 1311 1798 ministeriu

189 1853 193 1864 ·
280 1827 388 1879 eorum
412 1801 698 1886 antiomenon
724 1807 753 1869 in
783 1807 888 1871 cinere
916 1805 1094 1874 calamistris
1117 1828 1244 1880 torrere
1265 1834 1306 1881 ac

281 1898 405 1962 vibrare
430 1891 564 1955 crinem.
598 1907 637 1952 eo
664 1889 792 1956 nomine
818 1888 966 1956 Afranius
990 1895 1181 1961 comoediam
1200 1919 1309 1982 quan·

279 1983 348 2048 dam
376 1974 527 2058 inscripsit
550 1969 642 2038 suam.
694 1971 824 2040 Flavius·
848 1973 1027 2058 Sosipater,
1054 1979 1225 2057 ilabebat,
1250 1985 1310 2052 in-

279 2065 368 2151 quit,
389 2055 587 2144 ministerium
606 2059 785 2123 cinerarius
801 2058 936 2123 dicitur:
958 2081 1029 2126 anm
1051 2063 1122 2126 Cati
1140 2068 1175 2128 in
1194 2071 1309 2150 erigi.

251 2150 254 2160 ⁴
281 2152 391 2226 nilus,
415 2144 585 2223 Mulieres,
609 2143 729 2225 inquii,
752 2139 867 2228 nostrae
892 2147 1037 2226 capillum
1060 2151 1153 2212 tinere
1170 2155 1307 2234 tangito·

282 2238 374 2310 loni,
396 2243 429 2295 ut
449 2229 560 2294 rutilus
579 2223 653 2292 esset
673 2229 787 2292 crinis.
825 2227 914 2292 isole
930 2227 1081 2313 abstinere
1095 2231 1168 2319 te,]
1188 2234 1234 2301 ita
1255 2235 1304 2304 sa.

278 2319 330 2386 lar
355 2313 442 2392 esse,
472 2329 507 2378 ut
530 2309 683 2376 abstinete
710 2327 773 2376 non
801 2312 909 2394 possa.
951 2313 985 2378 A
1006 2319 1066 2379 tois
1087 2319 1251 2406 glabris,]
1283 2342 1303 2388 a

284 2401 388 2488 puetis
408 2398 488 2478 tuis,
509 2413 642 2480 quotum
656 2413 755 2480 genae
771 2413 922 2480 cruraque
934 2397 1018 2465 trulla
1035 2399 1138 2466 adhuc
1156 2403 1302 2490 lanugine

281 2485 451 2552 violantur.
494 2482 610 2546 Scimus
637 2478 709 2543 naec
734 2483 794 2544 tiit·
814 2499 891 2564 quoe
914 2483 1026 2563 litent,
1047 2485 1120 2550 Seia
1140 2490 1301 2588 cognitas]

282 2567 452 2654 occupatio
474 2561 537 2631 est.
557 2576 681 2658 poterat¹
697 2563 778 2628 enim
800 2563 933 2630 lllanlius
953 2567 1079 2642 dicere,
1105 2567 1138 2634 se
1156 2571 1196 2637 ab
1215 2593 1301 2640 onim

282 2657 410 2724 Venere
427 2651 534 2717 illicita
553 2643 747 2725 abstinuisse3
769 2665 873 2731 neque
888 2651 978 2716 ullam
995 2655 1061 2717 esse
1076 2653 1202 2738 legem,
1222 2677 1303 2742 quae

283 2751 427 2816 vetaret,
448 2751 513 2818 quo
532 2733 633 2796 minus
650 2726 715 2814 ipse
731 2731 862 2827 arbitrio
883 2729 939 2800 sno
954 2756 993 2802 ex
1011 2739 1117 2820 pneris
1132 2739 1193 2806 suis
1210 2761 1301 2826 cape.

281 2841 331 2891 ret
354 2821 567 2902 voluptatem.
589 2832 692 2912 neque
712 2832 803 2911 earm·
816 2821 979 2886 veteribus
996 2837 1090 2906 turpe
1110 2823 1302 2909 habebatur,

282 2909 416 2996 primum
441 2901 528 2966 illum
549 2901 683 2964 ineuntis
708 2913 820 2965 aetatta
839 2901 982 2972 ardorem
1000 2905 1030 2972 in
1050 2905 1149 2972 servis
1172 2909 1304 2978 liberale

284 3011 325 3056 ve
347 2987 408 3055 suis
426 2983 628 3054 consumere:
650 2999 690 3048 ne
715 3001 755 3046 ue
770 2981 833 3050 hnc
849 2991 1053 3058 numerabant
1073 2992 1158 3060 inter
1178 2995 1305 3064 inhone.

281 3075 344 3144 stoa
362 3085 494 3141 amores.
533 3067 663 3136 Plautus
683 3001 897 3154 (intenlione,

324 3244 374 3311 lto
395 3254 478 3308 inum
502 3231 635 3314 conserto
657 3251 785 3302 amarem
799 3237 936 3324 semper,
954 3239 984 3324 fi
996 3241 1110 3330 stipis„

320 3328 372 3398 Νι
380 3374 395 3414 ,
417 3325 467 3405 id,
492 3319 570 3408 qnod
588 3323 686 3434 denes,
705 3323 832 3410 pupulus
849 3321 880 3404 fi
890 3323 975 3412 scial
986 3375 998 3408 ,
1021 3331 1080 3396 tili
1089 3329 1136 3412 fit
1146 3335 1271 3416 preire.

281 3495 312 3564 dt
334 3484 539 3578 paulopost,
570 3483 653 3556 Dum
678 3501 707 3554 re
734 3485 882 3576 olflineot
905 3507 1025 3579 nupto,
1045 3497 1161 3578 uidua,
1186 3504 1300 3586 virgine

281 3581 442 3663 Ingenuo,
475 3575 774 3657 maternianus,
803 3597 872 3644 omn
898 3581 977 3663 qued
998 3580 1100 3648 lubet.
1129 3599 1229 3668 atque
1246 3585 1300 3652 boc

282 3665 374 3730 etiam
392 3658 526 3726 affirmat
550 3657 752 3739 Plutarchus,
767 3661 836 3726 'ubi
860 3661 980 3728 caussas
1001 3663 1125 3747 reddit,
1146 3688 1208 3736 cur
1226 3672 1300 3750 iuge·

280 3749 333 3816 nui
355 3743 440 3832 pueri
463 3740 579 3808 bullam
602 3741 767 3826 gestarent.
817 3745 861 3810 At
882 3745 1044 3828 Catullus,
1066 3751 1162 3820 etlam
1186 3754 1297 3832 libne,

269 3833 399 3918 sinant,
421 3827 559 3895 nondum
574 3827 667 3894 ducta
679 3845 797 3908 uxore,
820 3830 876 3895 tibi
892 3830 1015 3896 licuisse
1032 3837 1202 3918 novimus,
1225 3855 1296 3906 burte

285 3934 388 3987 tamen
414 3911 527 3980 marito
545 3911 607 3994 jam
630 3912 738 3980 eadem
758 3914 888 4000 amplius
905 3934 967 3985 non
981 3917 1090 3987 licent.
1138 3919 1299 4010 Tempu]
