2802 4920
238 394 288 454 rar
325 381 593 452 cantarana.
632 377 678 448 IL
717 381 974 454 (ἷιιιιιιιιιιτ.Κ
1032 339 1105 475 ,σοι

76 539 167 622 ient3
191 536 247 607 sed
270 539 308 606 iir
333 559 468 626 quamn
492 539 524 608 in
543 536 630 606 bello
646 539 785 624 gerendi
803 541 956 610 uirtutem
972 541 1104 613 &indu-

75 623 182 694 striam
198 643 347 709 expertus
367 623 462 690 esset.

123 709 264 777 Tertiam
280 709 399 796 genas]
432 707 511 775 Duo
533 708 637 795 priora
660 726 772 794 genera
791 724 879 778 erant
892 728 1023 791 aarum,
1043 715 1098 800 qui

80 789 235 861 favebant
253 794 381 880 quidem
395 795 622 875 conjurationi,
637 791 691 860 sed
704 795 862 861 itatanren
872 809 926 875 ,ut
941 813 1099 869 armanon

73 893 249 965 caperent,
278 895 383 963 neque
409 878 449 944 ad
473 880 647 944 exercituin
672 876 967 964 proficiscerentur.
1000 880 1097 963 haec,

74 981 158 1050 quae
177 981 263 1031 aune
277 977 459 1043 enumerat,
479 981 588 1030 eorum
607 961 700 1043 sunt,
722 964 775 1112 Ἱιιί
792 963 823 1030 in
839 965 978 1030 exercitu
994 983 1094 1034 erant.

122 1048 262 1114 Tertiam
275 1067 372 1132 genus
394 1044 456 1132 ast]
484 1046 605 1114 Totum
626 1048 710 1114 lrunc
741 1065 855 1127 ocum,
876 1063 913 1112 ut
930 1047 975 1115 est
992 1050 1023 1116 in
1040 1071 1095 1116 ue·

75 1131 200 1198 teribur
214 1129 317 1212 liaris,
339 1149 530 1218 proponam:
544 1131 742 1198 multdenim
758 1134 854 1217 nragis
869 1132 943 1198 nini
959 1135 1094 1216 arridet,
1233 1137 1236 1142 '
1309 1171 1314 1178 -

72 1215 162 1302 quod
187 1216 219 1283 ia
242 1216 288 1283 eia
312 1216 447 1302 legitur,
469 1235 570 1301 quarn·
585 1217 673 1300 quod
691 1217 723 1282 in
744 1215 915 1300 impressis:
953 1217 1091 1284 Tertiam

72 1319 170 1384 genas
198 1295 362 1389 eslaetare
382 1303 450 1390 jam
471 1299 610 1402 effoetum
622 1346 635 1382 ,
671 1299 721 1382 [ad
746 1319 846 1367 ramea
871 1305 1091 1369 exercitatione
1219 1326 1221 1336 ·

73 1381 249 1486 rai-astum:
270 1405 329 1487 quo
347 1403 512 1472 exgenere
531 1379 586 1471 ifle
602 1383 642 1472 ali
658 1370 801 1451 Manlius
810 1428 824 1464 ,
847 1389 898 1452 cai
911 1406 991 1452 nunc
1007 1391 1094 1454 Cati·

64 1467 389 1634 lfafflgtgfflnm,
410 1571 486 1638 qaas
501 1515 619 1637 Fesulir
638 1552 726 1638 Sylla
745 1548 914 1702 constituit)
938 1552 1023 1641 Sylla
1038 1555 1085 1620 vi·

70 1635 334 1723 cannaparius,
355 1638 636 1725 milites,quorurn
647 1655 713 1702 erat
733 1639 852 1704 auxilio
867 1657 887 1703 u
903 1657 956 1717 us,
969 1640 1088 1724 magnis
1140 1647 1144 1656 ’
1226 1645 1227 1650 ’

66 1719 168 1789 est&
192 1723 390 1804 muneribus,
412 1725 442 1790 &
463 1721 637 1792 honoribus
659 1722 862 1806 prosecutus.
889 1740 961 1790 narn
983 1741 1002 1788 e
1020 1734 1091 1810 gre-¹

67 1805 165 1890 gatils
183 1808 277 1874 etiarn
293 1807 446 1875 militibus
459 1807 537 1874 alios
556 1806 715 1876 senatores
736 1805 837 1889 fecit,
856 1807 935 1875 alios
948 1809 993 1874 ita
1005 1809 1088 1874 divi·

63 1905 143 1968 ter,
164 1903 200 1956 ul
218 1895 303 1976 regio
322 1892 424 1969 viiia,
450 1891 537 1976 quod
553 1893 598 1958 ait
615 1887 773 1958 Sallustius
791 1939 803 1974 ,
830 1905 921 1983 atque
938 1894 1022 1959 cultu
1039 1913 1103 1958 aa.

68 1987 165 2040 talem
179 1989 324 2062 agerent.
348 1989 510 2062 praeterea
526 1977 557 2044 in
576 1977 675 2043 multa
693 1975 802 2042 ltaliae
824 1977 941 2075 oppida
952 1975 1086 2044 militurn

63 2055 193 2127 suorum
219 2061 363 2160 colonias
387 2059 546 2141 deduxit,
572 2063 718 2158 interque
743 2079 798 2125 eas
814 2060 933 2128 civium
953 2061 1088 2143 domans

64 2161 230 2310 :illi
243 2143 457 2326 illiniri
484 2141 1086 2325 dirlli‘⁰lltl¹¹¹ili⁰ltillt;

63 2329 167 2382 aaran.
189 2327 309 2386 tanturn
330 2312 471 2397 legiones
493 2328 603 2410 ponit:
655 2311 767 2378 uodarn
790 2328 884 2376 enam
906 2310 1000 2393 loco,
1019 2331 1085 2380 non

60 2396 118 2463 nifi
138 2414 268 2462 centurn
284 2397 317 2462 vi
340 2398 394 2464 'nti
415 2395 578 2464 hommum
598 2329 706 2462 millia.
727 2393 995 2490 Deduxitflautern
1008 2417 1085 2463 non·

1 2537 5 2551 .
58 2481 170 2547 nullos
188 2499 299 2548 eorunr
341 2479 440 2548 esulae
481 2495 577 2547 utera
598 2479 647 2546 hir
668 2479 863 2546 orationibus
873 2479 1080 2564 intelligitur:

59 2565 142 2648 alios
156 2565 318 2651 Capuam,
338 2579 373 2631 ut
394 2583 413 2629 e
434 2527 594 2632 fecundae
617 2563 695 2630 raria
718 2561 865 2629 constat:
885 2563 962 2629 alios
978 2566 1009 2631 in
1026 2563 1086 2630 alia

60 2669 84 2715 ο
129 2649 189 2718 'da
212 2649 265 2720 sed
283 2649 372 2736 quod
395 2649 436 2717 de
458 2649 565 2736 Capua
605 2648 666 2727 nri,
688 2647 837 2714 admonet
856 2665 927 2726 rne,
950 2664 986 2714 ut
1004 2666 1080 2716 con·

60 2669 217 2818 &aaa
237 2735 393 2820 ¹quandam
418 2753 518 2801 meant
538 2731 698 2820 proferam
717 2730 759 2798 de
778 2731 854 2798 loco
877 2731 993 2812 Plinll,
1022 2731 1077 2800 ubi

59 2819 126 2886 hoc
138 2817 264 2918 ipsum,
286 2835 322 2885 ut
338 2832 438 2903 puto,
461 2819 595 2886 dicitur:
620 2813 672 2884 sed
686 2815 871 2902 depravatio
885 2817 1007 2902 aliquot
1020 2837 1080 2882 vo·

56 2923 132 2970 curn
148 2905 376 2990 impedimento
392 2901 436 2970 est
452 2935 465 2980 ,ι
485 2921 527 2971 ne
538 2903 755 2988 intelligatur.
785 2901 851 2984 ejus
873 2900 971 2967 verba
988 2899 1078 2983 sunt,
1105 2985 1108 2994 ἱ

60 2989 168 3072 capite
188 2997 221 3054 d.
243 2987 315 3055 libri
334 3007 383 3072 14·
423 2987 573 3055 Falernus
590 3005 665 3073 ager
677 3006 698 3053 a
706 2997 797 3072 ponte
816 2987 968 3070 Campano
984 2987 1075 3054 laeua

30 3101 33 3109 ¹
52 3075 230 3160 perentibus
247 3076 396 3140 arianam
413 3073 561 3138 coloniam
579 3073 737 3158 Syllanam
753 3083 849 3155 nuper
866 3069 988 3156 Capuae
1005 3089 1076 3138 corr·

53 3161 208 3230 trilatera
226 3161 349 3258 incipit.
392 3153 484 3254 Quae
505 3155 630 3242 quidem
652 3154 748 3221 verba
763 3185 778 3234 ,·
799 3167 903 3239 puto,
933 3153 1076 3222 adhunc

51 3243 189 3310 modurn
209 3241 393 3329 corrigenda
411 3239 499 3308 esser
528 3239 678 3308 Falernus
696 3257 771 3324 ager
792 3255 813 3305 a
833 3251 923 3323 ponar
943 3238 1070 3324 Campa·

49 3347 115 3410 no,
139 3329 229 3396 laeua
243 3331 415 3413 petentibus
428 3328 572 3392 ariana
596 3325 714 3390 calonia
732 3338 789 3421 per
809 3321 928 3409 Syllam
947 3323 1069 3422 Capuae
1208 3345 1212 3365 ·

47 3409 221 3500 considam
242 3415 366 3498 incipit.
410 3410 461 3478 Ex
482 3409 542 3477 illis
564 3411 661 3496 igitur
675 3405 831 3474 militibus
852 3405 963 3489 multi,
995 3425 1069 3494 qur,

42 3497 169 3586 largius
181 3495 239 3566 suo
251 3496 314 3578 uli,
335 3496 366 3565 la
380 3495 570 3580 inopiam'ex
584 3493 771 3561 abundantia
784 3490 988 3572 decidissent,
1013 3511 1079 3575 ue<

42 3597 157 3652 terum
182 3583 356 3666 rapinarum
380 3597 538 3650 memoret
550 3626 563 3662 ,
589 3577 667 3646 nihil
691 3575 794 3656 aliud,
829 3593 921 3659 quarn
947 3575 1068 3644 bellurn

39 3669 166 3747 civile,
197 3683 239 3733 cu
264 3665 389 3734 ebant.
424 3663 550 3732 iinasti
573 3661 731 3730 Manlium
752 3661 893 3757 ducent,
924 3661 980 3745 qui
1002 3659 1080 3748 ipse
1155 3719 1156 3730 ,

35 3769 199 3909 {2⁰qu
208 3681 272 3818 sag¹
288 3749 375 3840 Sylla
401 3746 528 3820 lheaue
547 3746 761 3830 militaverat,
790 3741 943 3813 Catilinae
961 3763 1070 3833 partae

137 3855 158 3904 ll
200 3851 302 3906 antur.

85 3857 181 3991 “lm
205 3919 324 4010 Fesaiir
344 3920 433 4010 Sylla
454 3914 629 4010 constituit]
649 3917 755 3999 Puto,
774 3931 889 3988 uocem
932 3913 975 3985 re
989 3915 1072 4000 ulis,

142 4007 218 4082 daur
241 4004 329 4083 erse.
350 4025 418 4082 uua
440 4009 525 4078 eain
548 4001 820 4178 plureffulaaiar
839 3961 927 4092 suisa
977 4001 1071 4156 Ἣ,
