2782 4916
286 145 300 194 )
344 207 347 214 .

221 341 289 426 (qo
429 329 482 400 M.
561 329 604 398 i.
688 328 1046 430 Mureuri

219 487 445 566 subministrat.
464 487 601 570 cujuain
623 486 782 556 historiam
801 486 943 576 quiaquia
965 487 1161 573 ingreditur,
1183 489 1259 564 isin

216 580 290 669 ipso
338 577 400 644 uasi
424 571 582 639 vestibulo
596 571 685 640 illum
699 573 799 658 ipsum
826 572 910 639 orbis
925 589 1111 657 parentem,
1136 578 1261 644 Romu.

218 597 499 745 lum,(seoatorum
513 657 656 726 manibus
679 657 891 725 crudelinsime
901 655 1126 755 discerptum,
1148 679 1187 728 ae
1207 661 1257 730 di·

219 751 368 820 laniatum
397 744 505 810 videt.
534 742 643 827 quodsi
676 759 739 810 tani
761 741 908 810 horrendi
936 741 1088 812 facinoris
1124 745 1253 815 immani

220 832 391 901 atrocitate
406 829 425 896 s
442 827 564 906 edeta,
585 828 671 894 intio
690 845 795 895 timeri
823 830 867 892 ire
885 829 1079 912 perrexerit,
1100 848 1166 898 non
1183 831 1253 900 lon·

217 937 258 1006 ge
282 847 485 1012 progressio,
515 912 649 992 obyium
670 911 798 980 habebit
819 911 1035 992 Collatinum,
1056 914 1100 980 ob
1123 917 1249 990 inanem

217 1001 377 1090 popularis
385 995 677 1081 suspicionisaurrm
687 997 743 1084 (⁴¹)
751 1041 763 1076 ‚
776 997 1251 1081 inexiliumproficiscentemea

220 1107 261 1154 ex
284 1085 362 1153 urbe
398 1079 699 1168 quamipsemcgnr
719 1097 865 1168 exparte
882 1081 1082 1149 dominatur
1125 1083 1154 1150 'o
1175 1083 1253 1154 libe·

219 1185 314 1240 rarat.
356 1132 467 1252 itque
482 1182 517 1232 nc
535 1166 739 1236 Coriolanum
755 1169 872 1234 tacitus
885 1181 1081 1256 praetereat,
1127 1188 1252 1238 arcum

219 1273 311 1323 certe
325 1251 515 1332 Camillum,
535 1249 618 1318 haud
636 1249 731 1320 facile
743 1251 896 1328 dixerim,
921 1251 1090 1319 militarine
1106 1254 1250 1334 virtute,

217 1362 256 1412 aii
280 1338 369 1418 fide,
394 1335 574 1433 justitiaque
596 1337 767 1420 maiorem,
791 1336 1023 1417 &mirabitur,
1045 1338 1076 1404 ἁ
1098 1336 1255 1408 miserabi-

222 1443 275 1496 tur
290 1423 399 1494 eadem
417 1421 597 1488 calamitate
613 1419 803 1506 perculsum.
846 1420 1028 1506 Scipionem
1045 1439 1127 1488 vero
1145 1424 1253 1506 illum,

218 1511 262 1578 de
279 1524 345 1595 quo
368 1523 445 1572 vere
470 1503 633 1590 scripserat
659 1505 798 1588 Ennius,
819 1505 937 1572 nullam
960 1505 989 1570 ci
1005 1503 1157 1586 statuam,
1181 1509 1252 1576 nul.

218 1595 282 1663 iam
301 1591 480 1660 columnam
508 1608 524 1654 a
593 1589 670 1674 pulo
694 1589 790 1657 Rom.
809 1589 886 1677 erigi
906 1587 1016 1675 posse,
1039 1593 1251 1688 quaemagni·

221 1677 321 1747 tudini
335 1691 439 1742 rerum
455 1673 494 1737 ab
506 1673 538 1758 ip
553 1671 741 1758 ogestarum
756 1671 982 1760 responderet,
1004 1693 1076 1760 quic
1087 1675 1151 1758 est,
1172 1677 1225 1764 qui
1233 1725 1247 1761 ‚

220 1783 295 1831 cum
306 1757 496 1828 intellexerit
505 1775 545 1824 eo
563 1757 635 1845 posi
645 1775 696 1825 tot
709 1773 837 1845 tamque
852 1759 985 1844 insignes
1002 1759 1152 1828 victorias
1165 1763 1254 1828 redt-

222 1849 333 1926 dum,
354 1859 390 1911 iit
413 1842 542 1908 exilium
564 1843 618 1910 sibi
633 1842 741 1946 suapte
758 1843 871 1930 sponte
886 1844 1092 1918 consciverit.
1111 1863 1178 1914 non
1196 1849 1256 1914 de·

221 1931 382 2004 bilitetur‚
415 1943 453 1992 ac
478 1927 627 1996 concidat
645 1944 771 2003 animo;
793 1927 949 2016 planeque
971 1927 1104 2026 judicet,
1127 1929 1249 2000 nullam

84 1991 90 2004 ’
215 2017 254 2084 iis
281 2011 500 2112 attingendam
519 2013 585 2078 esse
611 2011 733 2096 reipub.
755 2027 905 2098 partem,
939 2031 991 2099 qui
1011 2013 1180 2078 commodo
1203 2033 1246 2080 ac

216 2095 437 2198 tranquillitati
460 2094 533 2162 suae
551 2095 732 2196 consultum
751 2097 881 2166 velint?
902 2096 1065 2196 Quidjiitii
1088 2094 1163 2194 illoe
1177 2111 1245 2164 tur·

216 2187 327 2264 hines,
355 2182 424 2252 illae
452 2181 633 2266 procellas,
662 2182 730 2248 illas
752 2180 952 2270 tempestates
973 2181 1114 2258 civilium,
1132 2179 1252 2254 disseri,

215 2273 338 2342 sonum
366 2267 646 2366 commemorem?
673 2267 787 2366 quibus
806 2285 870 2335 noii
896 2285 976 2340 unus
995 2283 1051 2338 aut
1065 2267 1144 2366 alter
1164 2286 1253 2352 prae·

218 2349 917 2535 {illillllllllllllllllllll
934 2347 1251 2536 {insidiiis

218 2521 590 2593 consceleratissimorum
622 2522 779 2590 latronum
802 2521 944 2588 manibus
968 2521 1124 2620 trucidata
1145 2540 1252 2620 jacue-

215 2615 300 2678 rlmt.
342 2607 386 2676 0·
402 2606 551 2673 acerbum
578 2605 681 2686 illud,
714 2606 816 2672 &vel
842 2605 974 2674 Romam
992 2623 1129 2703 nominis
1153 2603 1248 2674 hosti·

217 2699 276 2792 biis·
295 2691 469 2789 miserabile
487 2691 722 2790 spectaculum
744 2689 948 2789 cumporsim
966 2707 1025 2842 ger
1047 2689 1251 2846 ffatim&

162 2838 167 2856 ·
216 2772 1174 2958 ill{illuillul?litllrlilirlnn,
1201 2859 1249 2930 a,

216 2947 338 3015 nullum
354 2963 385 3044 in
402 2959 535 3044 civitate
551 2944 734 3044 praesidium
757 2945 987 3046 reperiebatur:
1014 2961 1088 3046 cum
1108 2963 1246 3032 quorum

216 3027 488 3193 lltlltllllll
501 3027 1138 3198 llll’llllllllllllliltlll·
1154 3028 1247 3198 ill

217 3197 399 3267 concionati
423 3199 533 3270 crant',
554 3197 655 3264 incisis
669 3197 868 3280 cervicibus,
890 3199 993 3348 ragita
1010 3197 1248 3282 sanguinolenta

220 3283 416 3372 pendebant.
442 3277 494 3346 sed
519 3295 554 3345 ut
574 3281 650 3348 linet
673 3281 929 3367 mittamus.,qui'
955 3301 991 3347 us
1012 3283 1085 3349 satis
1096 3282 1248 3352 dolenter

220 3373 261 3441 dc
284 3366 437 3443 lorandis,
459 3364 588 3447 alicujus
601 3387 730 3446 eorum,
745 3367 797 3452 qui
811 3382 888 3437 tunc
903 3365 1144 3444 occubuerunt,
1162 3380 1249 3468 opus

256 3387 302 3519 set
318 3450 461 3536 ingenio:
481 3449 645 3518 Ciceronis
669 3451 778 3531 casus,
802 3452 964 3538 totiusque
981 3451 1067 3524 vitae
1088 3449 1250 3534 ledlatio,

218 3475 252 3520 es

216 3555 311 3628 quem
329 3553 410 3614 non,
431 3533 484 3618 qui
505 3533 535 3601 iii
558 3536 692 3616 iuvanda
714 3535 811 3624 patria
830 3536 1035 3608 commodum
1056 3533 1170 3618 sirum,
1190 3555 1252 3606 auc

216 3620 343 3708 aliquod
362 3619 514 3701 ejusmodi
537 3623 707 3704 praemium
728 3619 891 3706 sequatur,
912 3640 930 3684 a
956 3619 1033 3705 reip,
1053 3619 1250 3698 mactatione

215 3703 397 3778 deterreat?
425 3705 513 3790 cujus
544 3706 626 3774 enim
658 3723 793 3791 unquam
816 3703 952 3770 hominis
980 3705 1032 3772 vel
1051 3704 1165 3788 plura,
1193 3707 1253 3778 vel

219 3791 336 3876 majora
355 3789 466 3864 merita
488 3790 624 3880 populus
644 3791 804 3864 Romanus
826 3789 967 3862 habuit?
987 3801 1020 3866 ct
1039 3789 1094 3858 ilie
1113 3804 1253 3946 tamen.i

1197 3895 1238 3944 cu

251 3991 312 4058 Ρ)
330 3989 392 4044 Non
413 3989 518 4050 dubito,
542 3991 605 4064 quin
631 3991 747 4048 Muretus
765 3989 905 4066 scripserit·
925 3989 953 4050 οὗ
971 3991 1065 4048 tm·
1077 3989 1253 4068 pop-initu·

214 4083 256 4126 m
264 4063 423 4142 firspicr'orirm.
