2774 4900
247 327 302 379 tn
348 307 651 387 Carnutum
693 313 972 388 eonnrnr.
1061 323 1127 418 χες)

10 483 18 494 “
94 476 157 552 nia,
169 470 318 554 Petreio,
341 467 372 534 &
392 463 542 536 Afranio.
566 467 693 538 historia
713 469 785 538 satis
800 488 878 542 nota
898 472 953 542 est.
996 475 1129 568 Hune]
1264 510 1266 519 .

87 555 356 646 ammath&
375 547 448 618 eum
465 551 681 642 indignatione
699 555 866 642 legendum
880 557 942 626 est:
984 561 1129 640 Huncci-

94 645 170 728 ne,l
194 657 317 708 tantum
337 636 542 720 helluonem,
573 637 695 706 Galliae
700 689 721 738 ,
751 643 780 706 ot
806 643 966 714 Britannia
988 647 1129 716 timent?

92 726 192 886 Reid
212 725 291 794 nnnc
321 724 483 808 (melum)
502 723 665 812 fonensi]
697 727 884 814 apostrophe
909 729 947 796 ad
975 733 1130 816 populum

130 830 289 881 ornanum.
342 805 488 894 Uatiam]
511 808 656 895 pinguia,
676 811 848 897 opulente,
871 811 1052 900 &copiosa

254 1047 343 1102 nn
422 975 973 1108 ALeHuNUM.

101 1229 1131 1402 aerrantum„aerumnamr

102 1410 188 1487 ciis,
207 1370 284 1474 &in
302 1403 369 1468 aliis
385 1336 892 1492 scriptiffveterr'rnrireneioqett)
914 1422 949 1471 ut
964 1409 994 1474 in
1009 1345 1134 1478 raiiotite.

99 1491 260 1559 colendae
277 1487 435 1556 amicitiae
455 1486 657 1572 perfidiosum
665 1536 676 1570 ,
698 1489 844 1569 accusat;
866 1491 1064 1576 minaturque
1079 1493 1131 1558 fo.
1248 1564 1252 1576 ,

99 1596 159 1658 re,
178 1593 214 1642 ut
231 1575 274 1642 dii
292 1573 417 1642 tandem
438 1574 565 1640 meritas
585 1574 624 1640 ab
643 1593 682 1640 eo
697 1575 835 1642 violatae
850 1573 923 1643 litlei
939 1595 1056 1660 poenas
1069 1580 1136 1644 exi·

92 1679 185 1750 gant.
225 1659 334 1728 Facile
351 1674 457 1726 autern
479 1659 686 1738 crediderim,
713 1661 806 1728 etiam
830 1679 954 1728 carmen
971 1659 1052 1728 infra
1072 1681 1131 1750 pn.

99 1749 225 1827 litum,
259 1745 349 1828 cujus
372 1741 560 1830 principium
585 1741 657 1824 est,
686 1743 798 1826 Deftne
824 1745 859 1810 de
883 1765 1053 1831 quoquam,
1087 1747 1125 1823 ad

97 1835 188 1902 hunc
203 1830 301 1915 ipsum
320 1827 498 1914 Alphenum
515 1831 683 1914 portinere.
725 1829 793 1898 Nec
806 1827 898 1912 selle
914 1833 1043 1921 impin]
1068 1853 1128 1902 ert.

100 1916 249 2005 presusse
268 1915 396 1982 videtur
411 1911 536 1982 versum
556 1913 720 1994 Homeri,

77 2131 81 2141 ·
209 2081 279 2169 8⁸28
299 2087 402 2167 ‚giem
422 2081 484 2168 'igp
505 2079 565 2146 lul
586 2083 704 2166 μ’ῳμς
724 2083 850 2165 φιλίων.

149 2257 228 2330 Tute
239 2252 371 2342 jubebas
386 2255 519 2332 enimam
538 2251 701 2338 tradere]
723 2267 758 2315 tu
773 2249 838 2334 ipse
849 2249 1000 2334 iubebas,
1024 2267 1059 2318 ut
1074 2253 1131 2322 tibi

106 2347 244 2410 unimam
268 2340 440 2415 tenderem,
462 2339 494 2403 iel
520 2335 585 2416 est,
606 2352 643 2402 ut
663 2354 715 2402 me
735 2351 839 2405 totum
856 2337 894 2404 ad
915 2340 1129 2411 reamandum

100 2430 221 2494 darem.
270 2426 314 2490 Ar
341 2425 373 2490 di
400 2421 635 2508 meminerunt]
675 2422 705 2487 in
728 2439 801 2484 meo
824 2419 881 2486 illo
904 2420 986 2486 libro
996 2467 1008 2508 ἓ
1039 2425 1129 2504 cujus

102 2513 283 2580 bonitatem
303 2527 462 2592 nunquam
478 2520 644 2592 tantopere
662 2504 829 2602 perspeni,
850 2526 941 2590 quam
959 2526 1031 2571 cum
1051 2507 1129 2574 hacc

107 2598 300 2666 scriberem:
326 2593 393 2744 Seu
421 2609 526 2660 autem
548 2593 646 2678 magis
670 2609 817 2672 mernmr,
845 2591 932 2672 quod
958 2611 997 2656 eo
1015 2608 1127 2668 utens,

101 2699 209 2750 totum
237 2679 422 2759 Catulum,
454 2677 548 2744 ctiam
568 2695 634 2744 tum
653 2677 822 2762 puerulus,
847 2675 937 2759 saepe
960 2677 1129 2760 relegendo

104 2761 321 2848 edidiceram)
344 2765 373 2830 in
400 2782 440 2828 eo
458 2762 553 2847 igitur
569 2760 678 2830 versus
698 2761 750 2826 hic
767 2759 811 2826 ita
827 2758 960 2843 scriptus
981 2779 1067 2842 erat,
1093 2765 1129 2829 Si

103 2867 142 2923 en
165 2855 277 2916 ollitas
301 2867 353 2925 es,
382 2863 415 2911 nt
440 2849 472 2912 eli
493 2851 677 2922 meminere,
701 2857 733 2908 nt
759 2851 895 2910 meminit
919 2845 1025 2911 Fides.
1050 2865 1131 2930 quae

103 2939 204 3008 leuto
222 2951 343 3019 quanto
372 2931 410 3000 iit
435 2931 625 3016 elegantior,
655 2949 751 2999 nemo
771 2951 833 2996 non
862 2931 961 3001 videt.
1004 2931 1127 3018 Fiden]

101 3025 187 3094 hanc
212 3037 343 3105 quoque
369 3017 451 3084 inter
475 3019 552 3083 deos
577 3033 770 3084 numeratam
790 3013 906 3098 fnisse,
937 3035 1047 3084 omnes
1065 3017 1127 3100 jam

99 3109 216 3178 sciunt.

101 3311 132 3362 ta·
189 3305 245 3356 no
285 3281 627 3364 SIRMIONEM,
668 3278 1047 3352 PENINSULAM.

149 3441 419 3530 Peninsnlnrnm.]
441 3441 572 3526 gaudet,
593 3441 829 3528 gratuleturque
851 3442 928 3522 fibi,
949 3460 968 3508 e
986 3440 1133 3530 Bithynia

106 3535 139 3601 in
165 3531 293 3600 insulam
313 3529 499 3596 Sirmionem
526 3527 680 3593 reversus.
732 3527 845 3592 Sirmio
875 3542 980 3592 autem
1004 3545 1132 3612 putatur

108 3615 178 3685 esse
204 3617 234 3683 in
261 3633 337 3700 agro
362 3613 558 3694 Veronenlr,
589 3631 683 3698 quem
703 3611 799 3676 hodie
814 3609 938 3678 Gardae
955 3611 1056 3678 lacum
1073 3632 1133 3677 vo·

107 3719 200 3771 cant.
224 3701 267 3766 ibi
290 3696 499 3784 possessiones
517 3698 626 3765 habuit
650 3697 804 3764 Catullus.
854 3696 995 3782 Ocella]
1025 3697 1132 3762 locum

109 3789 197 3855 hunc
212 3785 329 3852 summa
347 3783 500 3866 elegantia
518 3783 630 3850 tractat
650 3781 761 3848 Petrus
779 3779 957 3862 Vitiorius,
979 3782 1135 3848 variarum

65 3898 70 3908 ·
105 3873 282 3942 letiionum
303 3869 356 3937 lib.
375 3887 425 3935 rx.
448 3887 515 3952 cap.
534 3887 589 3934 rx.
614 3869 726 3932 eodem
751 3879 856 3932 antem
877 3865 975 3932 morlo
992 3865 1140 3932 Cithero-

106 3977 184 4032 nem
205 3970 346 4028 montem
371 3953 404 4022 in
424 3951 601 4025 Plroenislis
621 3949 789 4038 Euripides
809 3951 935 4022 Dionae
953 3951 1068 4020 oculum
1084 3969 1144 4015 vo·

736 4049 739 4057 '
941 4095 949 4104 ,
1069 4051 1142 4118 cat,
