2800 4892
269 323 324 376 rra
364 303 670 408 Cannarum
709 299 990 398 Coniurat.
1081 317 1149 394 829

125 465 357 554 inProtagora.
397 464 565 534 Sciendum
578 478 686 532 autem
703 461 771 542 est,
792 463 1016 546 Prometheum
1038 477 1150 556 apoq.

127 555 169 620 tis
188 550 283 618 deum
302 550 425 619 haberi:
446 550 528 618 unde
550 553 580 618 dc
598 548 649 616 hic
667 549 811 618 Catullus
829 567 899 616 eum
915 549 996 616 inter
1008 552 1085 620 deos
1102 575 1151 622 re·

129 633 257 713 censet,
281 641 311 702 dt
333 637 414 722 apud
436 633 626 724 Aeschylum
648 633 809 711 Vulcanus
827 651 899 702 eum
920 651 1016 702 uocat
1032 644 1152 718 mus
1265 637 1273 668 ¹

106 727 204 788 reris:
227 723 259 788 dt
284 719 350 806 ipse
365 721 406 786 de
427 717 461 788 se
477 719 613 806 loquena
622 764 636 802 ,

209 887 294 955 that
315 915 371 971 μ,
389 889 512 978 inquit,
533 889 577 966 rie
597 891 657 965 «tlt
675 889 733 963 hev
757 887 857 982 vitra·
875 889 936 964 ius.

60 1093 65 1101 κ
129 1053 220 1210 guin
243 1055 334 1120 etiam
353 1052 518 1121 colebatur
536 1057 567 1123 in
584 1057 749 1124 Academia
765 1073 823 1124 una
839 1071 911 1122 cum
930 1055 1091 1138 Vulcano,
1116 1065 1148 1134 Ac

173 1139 303 1206 inerva:
333 1157 369 1206 ut
393 1137 654 1224 Apollodorum,
681 1143 712 1208 dt
740 1139 975 1228 Lysimachiden
997 1143 1149 1230 scripsisse

129 1223 172 1290 ait
192 1225 344 1308 interpres
376 1223 556 1309 Sophoclis.
602 1227 779 1292 Errenuur'o
809 1225 978 1312 restim]
1006 1231 1154 1320 vinculo-5

128 1328 198 1375 rum
233 1309 410 1382 videlicet,
448 1309 562 1390 quihus
590 1307 629 1374 ad
649 1307 832 1376 ‘Caucasum
865 1308 1007 1393 alligatus
1032 1311 1149 1394 fuerat.

132 1389 295 1479 Poenae,]
328 1392 414 1478 quod
439 1391 551 1475 lovem
574 1393 749 1478 decepisset
768 1394 799 1458 in
817 1393 1033 1462 distribuendis
1053 1403 1152 1478 carni·

129 1473 189 1544 bur
201 1524 212 1558 ,
231 1477 317 1560 quod
337 1477 442 1557 viros,
465 1477 672 1562 mulieresque
691 1475 882 1560 effinxisset,
904 1483 990 1563 quod
1017 1479 1151 1568 surripu-

129 1559 205 1626 issct
231 1561 334 1644 ignem
365 1557 549 1628 Vulcani&
574 1561 770 1642 Minervae,
799 1581 934 1666 eumque
968 1562 1147 1636 hominibus
1241 1609 1246 1616 ·
1282 1559 1288 1566 ⁸

133 1645 318 1710 tradidisset.
359 1643 432 1710 Fuit
456 1663 560 1726 autem
587 1645 668 1714 filius
684 1646 784 1796 ¹lapeti
805 1653 843 1714 e'x
865 1645 1045 1734 lhemide,
1067 1673 1149 1740 quae

129 1733 238 1795 eadem
259 1732 289 1796 dt
308 1727 407 1794 Terra
427 1727 492 1808 est,
514 1743 551 1796 ut
573 1749 611 1796 err
635 1733 682 1798 Ae

131 1833 238 1880 menes
253 1829 356 1880 tamen
370 1831 441 1880 eum
455 1814 554 1882 filium
573 1814 688 1895 fuisse,
708 1817 844 1898 ejusdem
862 1825 976 1897 politae
991 1818 1145 1906 interpres

128 1899 192 1964 alio
211 1900 286 1965 loco
314 1897 418 1964 tradit.
459 1897 531 1964 Inde
553 1912 642 1985 pater
665 1901 802 1986 dham]
836 1899 996 1966 Postremo
1024 1905 1148 1977 venisse

129 1984 175 2050 ait
187 1983 318 2070 jovem,
339 1983 577 2066 junonemque,
597 2001 636 2048 ac
652 1997 777 2048 eeteros
799 1983 924 2066 l'uperos
934 1987 1034 2070 deos,
1056 2001 1144 2076 prae·

129 2085 180 2135 ter
209 2068 388 2147 Phoebum,
410 2068 463 2150 qui
495 2065 580 2134 solus
601 2069 630 2132 in
657 2069 747 2133 coelo
773 2067 899 2132 relictus
925 2069 992 2145 est,
1018 2085 1043 2132 n
1070 2073 1146 2144 Dia.

129 2169 229 2233 nam,
257 2151 385 2235 quaein
412 2151 571 2218 montibus
600 2151 660 2216 luis
691 2151 818 2224 mande,
842 2171 946 2236 neque
968 2157 1045 2220 tanti
1066 2155 1146 2226 fecit

22 2307 29 2320 ,
128 2237 290 2316 Peleum,
323 2249 357 2298 ut
391 2235 455 2315 eius
486 2237 608 2316 nuptias
635 2233 687 2299 sua
715 2231 887 2318 praesentia
914 2237 1144 2310 cohonelloren

165 2323 228 2387 nod
253 2337 360 2385 antem
389 2321 427 2386 ad
447 2318 622 2403 Apollinem
638 2320 772 2396 attinet,
800 2319 871 2384 ideo
891 2339 960 2385 enm
978 2329 1149 2394 removisse

128 2405 256 2471 urdetur
274 2401 313 2470 ab
340 2403 385 2468 his
404 2405 521 2486 nuptiis
543 2403 686 2472 Catullus
707 2451 717 2484 ,
745 2403 817 2484 quia
843 2402 984 2468 futururh
1002 2426 1085 2489 erat,
1109 2427 1144 2476 ut

110 2487 580 2576 .ipseAchillemmterficeret:
603 2507 663 2570 qua
677 2490 752 2554 inre
761 2487 925 2570 sapientius
935 2487 1032 2572 fecit,
1054 2512 1147 2578 quam

126 2567 328 2723 A'elchqlus,
360 2572 413 2658 qui
430 2569 554 2640 affuisse
572 2573 663 2639 deum
690 2571 798 2646 illum,
831 2574 989 2654 etiamque
1017 2595 1143 2646 carmen

696 1733 792 1817 chylo
817 1729 1030 1816 cognoscitur.
1073 1738 1148 1828 Cly·

101 2657 269 2744 ‘nuptiae
307 2657 459 2725 cecinisse
486 2658 593 2739 dixit,
650 2675 693 2722 uo
725 2656 818 2722 Peleo
843 2659 872 2722 dt
896 2653 1028 2725 Thetidi
1052 2661 1151 2730 fausta
1252 2739 1257 2744 ¹
1311 2655 1312 2662 '

126 2745 232 2824 omnia
250 2741 461 2826 praediceret:
484 2741 620 2827 ideoque
675 2740 836 2820 hetidem,
868 2739 1037 2820 ipterfedlo
1060 2747 1150 2832 fili0,

126 2829 169 2896 de
191 2829 330 2894 vanitate
354 2843 392 2890 ac
416 2827 543 2910 perfidia
568 2825 722 2908 Apollinis
737 2843 921 2909 querentem
942 2825 1039 2894 facit.
1063 2835 1151 2898 vide·

128 2930 182 2978 tur
206 2913 287 2980 enim
305 2911 501 2978 occationem
521 2909 703 2994 quaesisse,
727 2929 787 2995 qua
809 2911 839 2976 in
862 2911 920 2978 diis
939 2913 1151 2998 exempla'le·

125 2997 237 3064 vitatis
252 2997 282 3065 dt
298 2995 450 3062 mendacii
473 2994 668 3068 ostenderet:
692 3005 757 3076 quo
771 2994 899 3060 nomine
916 2999 1029 3063 merito
1047 3021 1063 3063 a
1082 3003 1147 3070 Pia·

127 3098 208 3148 tone
229 3080 484 3166 reprehenditur,
507 3094 650 3146 extremo
672 3077 818 3146 secundo·
830 3079 870 3146 de
885 3079 1150 3164 republicalibro.

128 3165 228 3233 Plane
243 3181 345 3232 tamen
361 3163 520 3240 Homerus
536 3180 664 3248 quoque
680 3163 762 3228 libro
780 3163 892 3229 ultimo
915 3165 1050 3243 Iliados,
1074 3188 1149 3237 eum

131 3247 258 3318 affuisse
278 3249 397 3331 ,’tliclt.
446 3247 679 3333 Uargerrnmque
698 3247 789 3326 Jr'rrrul
809 3251 962 3314 rulrrhem
986 3257 1017 3314 in
1036 3263 1146 3320 mortii-

130 3337 186 3400 hus
207 3333 319 3416 ldae]
348 3333 514 3418 reliquit,
530 3332 657 3416 inquit,
689 3331 876 3416 tequidem,
901 3353 922 3399 o
944 3335 1091 3414 Phoebe,
1115 3342 1145 3407 in

127 3420 221 3485 caelo
238 3417 358 3485 solum:
381 3420 535 3484 cultricem
552 3435 629 3482 vero
649 3413 741 3494 ltine,
757 3417 792 3480 'ld
813 3415 880 3496 est,
904 3413 1056 3501 Dianam,
1080 3431 1149 3488 ratri·

32 3518 36 3536 ¹
125 3521 260 3590 gerrem,
284 3499 398 3584 idest,
419 3521 500 3586 quae
520 3519 584 3568 uno
604 3501 782 3586 eodemque
804 3517 893 3584 partu
919 3517 1025 3570 tecum
1044 3510 1148 3592 genita

125 3586 194 3668 est,
215 3587 342 3672 reliquit
356 3586 386 3652 in
404 3585 584 3664 montlbnr,
605 3585 656 3650 ubi
676 3601 806 3668 propter
824 3587 998 3655 venationis
1015 3587 1147 3661 studium

125 3671 247 3740 aalidue
268 3670 381 3737 versari
403 3669 495 3736 solet.
537 3669 618 3738 Satio
642 3687 747 3734 autem
780 3669 881 3735 mirari
911 3690 973 3738 non
1003 3676 1150 3760 possum,

124 3757 203 3842 quid
218 3755 383 3824 adduxerit
403 3755 563 3821 hominem
578 3752 849 3834 -ernditishmom,
882 3755 1008 3824 Petrum
1022 3773 1026 3780 ·
1042 3761 1150 3828 Villo·

96 3837 101 3846 '
126 3839 229 3920 rium,
249 3857 286 3908 ut
307 3839 370 3905 hoc
386 3839 460 3906 loco
476 3839 578 3921 legat,
627 3837 860 3917 unigenamque
878 3837 969 3920 fimat
989 3846 1144 3912 cultricem

109 3929 237 4008 ,amris
253 3925 423 4002 Ironitr&
444 3921 599 3994 Palladem
618 3937 768 4007 exponat.
789 3921 925 3992 Primum
939 3927 1040 4009 enim,
1062 3947 1150 4080 caps.

188 4021 196 4034 ‘
488 4039 490 4046 ·
796 4039 801 4048 ·
1113 4038 1149 4082 ae
