2802 4920
270 350 337 435 58⁶
492 344 543 414 M.
626 338 670 410 A·
759 338 1107 410 niuenrr

322 500 445 598 anato
464 501 565 589 nobit]
590 497 790 570 Decrevetat
811 499 895 570 eninr
919 497 1043 568 senatun
1051 545 1063 579 ,
1084 498 1132 566 uti
1161 499 1308 570 consuler

279 589 438 660 deleslum
454 585 616 654 haberent.
639 583 810 652 Sallustius.

322 678 374 745 iia
396 676 515 770 agresti
536 668 679 759 luxuria]
709 667 837 752 idest,
862 686 902 738 ex
928 668 1103 754 agrestibus
1127 667 1306 744 luxuriosa.

278 775 509 928 mekgnryffl&
530 793 739 940 mendiculis,
760 837 797 911 Θ
821 837 1040 940 lecotimiius]
1059 837 1209 921 Vocem,
1225 861 1304 908 mee·

281 929 411 1009 dirulir,
431 928 463 992 in
480 925 569 992 nullo
589 938 699 992 vetere
719 923 801 990 lrbro
819 941 959 1009 reperto:
1005 942 1056 990 uin
1071 942 1204 1005 ornnes,
1246 945 1304 992 uoa

275 1014 355 1084 inihi
379 1011 505 1100 quidem
530 1010 639 1076 videro
661 1007 856 1092 contigerit,
894 1008 972 1078 nihil
1018 1009 1112 1079 abent
1136 1007 1202 1076 hoc
1223 944 1304 1082 ium

276 1098 381 1178 aliud,
402 1095 472 1175 niu,
491 1111 533 1160 en
553 1091 676 1168 rusticis
698 1093 909 1160 decollariiut.
1278 1154 1282 1164 ,

325 1179 558 1265 oeconomus]
582 1177 635 1246 De
656 1177 747 1261 huius
771 1177 861 1245 verbi
879 1179 913 1246 vi
934 1175 1225 1265 copioscdiascruit
1241 1179 1303 1248 Bu·

278 1272 374 1339 daeua
388 1267 421 1334 in
442 1263 623 1334 Pandcslaa.
1021 1301 1025 1307 .

329 1353 363 1421 V
362 1347 687 1436 dimonia-deserere]
720 1356 879 1415 aaronem
906 1347 953 1419 uie
973 1347 1055 1424 eim·
1083 1347 1302 1418 Vadimmima

281 1438 436 1527 deserere,
457 1433 523 1516 est,
543 1447 637 1519 quem
662 1433 694 1500 in
716 1433 798 1502 diem
824 1448 859 1502 tu
878 1433 993 1507 alium.
1015 1433 1138 1501 aliusve
1151 1451 1185 1500 te
1207 1433 1299 1500 vada·

280 1543 335 1593 tue
350 1520 466 1598 fuerit,
488 1536 562 1590 eum
580 1519 662 1586 diem
680 1536 744 1588 nou
760 1517 860 1598 obite.
881 1519 912 1586 in
931 1516 1108 1591 desertores
1122 1535 1230 1586 autem
1248 1537 1304 1584 va·

279 1605 429 1686 dimonii,
448 1620 551 1688 poena
571 1601 719 1672 infamiae
733 1600 906 1672 constituta
922 1619 1009 1676 orat:
1031 1604 1108 1678 &io
1122 1603 1302 1673 eorumbo·

279 1715 319 1764 na
335 1691 536 1760 creditoroea
556 1706 702 1772 praetore
714 1687 932 1760 mittebantur.

323 1773 463 1846 Edillnm
482 1773 656 1860 praetoris]
688 1771 738 1840 Ex
766 1786 807 1840 eu
832 1773 915 1844 enim
943 1771 1140 1858 cognoscent
1157 1777 1300 1850 omniurn

279 1863 478 1933 fortunarum
496 1855 617 1927 suarum
632 1856 772 1957 ruinam,
785 1858 829 1924 ob
842 1856 963 1934 deserta
973 1857 1169 1928 vadimonia.
1189 1858 1236 1932 eli
1247 1880 1297 1928 au·

282 1957 868 2124 teiniffiaeaupnurpfflgipnilicat
881 2023 1040 2126 senatores
1054 2021 1129 2097 etse.
1142 2025 1202 2096 soli
1213 2030 1300 2099 enim

195 2175 200 2186 .
283 2115 442 2185 senatores
457 2131 645 2198 purpuream
661 2128 798 2182 tunicam
808 2111 973 2180 latoclavo
986 2113 1129 2198 inignem
1139 2109 1299 2184 serebant.

326 2199 451 2279 Video,
483 2195 697 2284 catapulta]
729 2195 768 2264 C.
794 2195 910 2279 Julium
940 2197 970 2264 in
1003 2197 1144 2282 Apuliam
1164 2198 1303 2268 Catilina

281 2283 427 2364 miserat,
448 2297 485 2350 ut
500 2279 545 2350 cst
569 2282 652 2368 apud
670 2281 858 2352 Sallustium.
888 2281 949 2350 Sed
963 2281 1016 2348 laic
1036 2283 1126 2352 locut
1141 2283 1182 2350 de
1197 2302 1238 2350 co
1259 2285 1305 2350 iu·

281 2369 380 2454 telligi
395 2387 460 2436 non
472 2365 589 2454 potest.
609 2363 733 2433 constat
745 2367 848 2446 enim,
870 2362 1062 2434 Ciceronem
1078 2367 1167 2454 loqui
1182 2369 1302 2456 eloqui·
1382 2417 1384 2424 .

234 2493 238 2502 ·
282 2455 430 2534 busdam,
453 2455 507 2538 qui
524 2453 668 2520 adhucin
688 2451 765 2520 urbe
781 2465 879 2518 etant.

324 2538 507 2626 Attriuum]
522 2557 538 2604 a
554 2538 710 2612 Catilina,
738 2551 884 2620 tanquam
900 2535 1111 2622 imperatore,
1122 2535 1280 2624 assignata.

325 2624 391 2718 Qui
405 2623 514 2690 laniem
536 2624 697 2690 Etruriam
736 2619 813 2687 Non
836 2620 991 2686 Manlium
1008 2622 1110 2703 dicit,
1130 2623 1204 2708 (ille
1221 2625 1301 2690 enim

277 2705 621 2860 jangpritiemtalrrnurbc
634 2724 693 2792 pro
709 2705 797 2772 etius
812 2702 936 2790 fuerat)
953 2705 1005 2774 sed
1020 2707 1116 2776 alium
1131 2711 1305 2794 quempiam

304 2811 404 2862 ornr
449 2811 508 2858 ou
544 2839 552 2854 .

280 2819 301 2982 {¹
319 2880 384 2974 Qui
397 2811 506 2974 grum
529 2865 694 2962 Picenum]
717 2871 772 2942 Ne
786 2873 838 2940 hic
851 2874 979 2961 quidem
996 2875 1169 2962 Septimius
1182 2875 1309 2945 &mua

281 2957 703 3201 Etelssiffjsfftiecu‘gtgggnns]
729 3041 928 3133 Cethegum,
952 3045 1135 3130 Statilium,
1149 3046 1306 3128 Cassium,

322 3151 402 3200 ntor
628 3176 635 3192 .

327 3176 627 3302 Superior’t'nmllr's]
644 3211 719 3281 Non
730 3213 878 3299 intelligit
891 3233 958 3282 eam
972 3216 1125 3294 nostem,
1146 3233 1307 3300 quaepro·

287 3305 374 3370 xime
393 3295 615 3366 antecesserat.
636 3299 843 3386 nequeenim
863 3303 1074 3383 conveniret,
1094 3301 1185 3388 quod
1207 3299 1309 3370 smnio

286 3385 466 3471 subjungit,
491 3383 630 3464 Fanestri
643 3389 677 3450 in
691 3383 823 3468 ⁸scaletin,
844 3381 982 3468 stellerae
999 3387 1060 3453 die.

334 3471 405 3538 Uno
420 3467 602 3556 mehercule]
626 3467 817 3553 complexio
832 3487 849 3535 a
863 3470 987 3538 minori.

330 3555 417 3654 Quid
431 3558 509 3620 enim
524 3554 614 3654 moli]
633 3552 795 3652 Generalis
804 3555 1001 3664 proposrtio,
1015 3573 1110 3643 quam
1122 3554 1236 3642 postea
1243 3575 1314 3626 nau·

288 3637 811 3825 messzrssssffpmssmffirgggnjar.
838 3725 883 3792 ut
907 3723 1040 3792 Gamo
1060 3723 1253 3808 metam,
1273 3725 1315 3794 m

287 3812 430 3890 Latrms,
444 3808 622 3896 fulminare,
646 3807 691 3876 est
704 3821 750 3874 rrrt
808 3829 880 3888 um,
902 3807 1036 3891 falsum,
1058 3807 1313 3882 &adulterinum

284 3897 446 3990 auserim
464 3895 584 3972 veriat
600 3895 739 3984 genam
758 3893 833 3964 roco
851 3893 1039 3986 supponat.
1061 3893 1137 3968 aa,
1157 3891 1329 4050 mn}
