2798 4896
257 395 391 462 Van.
451 391 626 491 Lecta
683 389 798 458 Lan.
851 391 954 463 vit.
1060 403 1126 477 165

88 555 146 622 lert
159 571 300 630 vocem,
315 549 462 636 jugurta.
510 545 587 616 Non
610 545 736 631 pustuio
749 563 875 628 tamen,
897 565 933 614 ut
953 551 1014 616 hoc
1035 553 1111 621 mihi

89 643 117 708 in
138 655 306 705 numerum
323 634 490 718 procedat.
511 651 582 698 narn
598 631 664 716 ipse
676 651 804 716 quoque
819 635 968 720 quandam
985 635 1050 702 hoc
1066 638 1114 704 io·
1203 702 1206 709 ,

90 741 125 788 m
137 739 254 789 vocem
265 734 427 803 reponere
440 715 569 802 cogito,
584 733 676 800 quarn
688 733 838 799 nusquam
855 734 1013 800 praeterea
1026 723 1110 804 apud

87 807 267 876 &teronem
288 804 420 888 reperiri
447 801 599 867 arbitror.
629 799 660 865 id
683 819 735 866 me
752 804 847 883 magis
871 819 1000 884 movet,
1018 807 1107 888 quod

167 892 226 957 inis
253 907 373 955 nomen
402 905 461 970 pro
485 884 542 951 iiio
563 899 638 949 toto
659 902 773 968 genere
790 881 953 952 herbarum
980 903 1106 972 praten·

108 993 175 1056 um,
195 973 314 1061 quibus
333 970 489 1037 exiccatis
510 969 540 1034 ἂ
565 967 718 1054 ετίἀίειεά
739 965 908 1051 pastionem
927 969 1103 1040 animiiiunr

86 1059 217 1137 utimur,
238 1055 321 1141 apud
340 1053 429 1121 fotos
445 1060 556 1152 poetas
575 1053 657 1136 lego.
703 1051 849 1132 Deinde,
871 1069 906 1116 ut
921 1051 991 1120 satis
1004 1055 1066 1120 hoc
1085 1075 1103 1121 e

84 1141 247 1208 euentus
267 1139 495 1205 consuetudine
518 1137 579 1204 dici
596 1133 837 1227 possedemus:
860 1135 1095 1207 iniuisa'tumen

71 1229 107 1314 ,dt
124 1225 255 1310 iitepida
279 1226 338 1288 etit
364 1223 488 1290 oratio.
511 1221 574 1288 hoc
596 1224 680 1286 enim
702 1220 840 1305 denique
863 1222 948 1287 dicet
965 1221 1102 1292 Cicero:

82 1309 164 1378 Num
183 1311 287 1392 igitur
300 1309 455 1374 utiliorem
473 1309 533 1371 tibi
551 1305 630 1370 itanc
648 1305 807 1370 Triarium
818 1303 877 1390 csse
889 1303 974 1389 porse
987 1319 1097 1391 putus,

81 1408 167 1478 quum
179 1391 210 1473 fi
239 1387 384 1472 tucrfirtt
406 1391 543 1456 Puteolis
558 1388 693 1454 irrite?
728 1387 773 1453 At
794 1389 896 1456 dices:
930 1407 1016 1474 prata
1039 1391 1118 1457 hoc'

78 1475 355 1562 loquendi-genere
367 1473 525 1560 intelligit.
565 1471 608 1538 Et
624 1471 726 1556 potest
740 1472 885 1556 cuiquam
902 1471 1096 1556 persuaderi,

81 1560 265 1628 Ciceronem
282 1575 347 1624 tam
367 1573 519 1626 contorte
539 1555 705 1630 locutum,
729 1571 784 1633 ur,
803 1573 876 1622 cum
895 1556 993 1623 vellet
1014 1577 1100 1644 prata

80 1646 195 1726 dicere,
219 1643 362 1711 nolucrit
384 1661 422 1708 ea
450 1640 507 1709 suo
529 1641 657 1706 nomine
676 1639 861 1724 appellaret
882 1643 1019 1724 gramina
1036 1661 1102 1710 ma·

83 1728 182 1795 luerit:
205 1745 243 1794 ut
262 1727 320 1812 qui
334 1727 499 1807 audirent,
518 1725 723 1810 legeremve,
745 1741 804 1807 pro
822 1725 1011 1808 graminibus
1027 1727 1098 1792 irer-

82 1811 148 1891 bar,
172 1831 232 1898 pro
253 1811 361 1878 herbis
382 1825 471 1896 prata
492 1811 560 1875 acci
617 1823 636 1871 e
657 1807 786 1874 necesse
809 1807 985 1877 haberent?
1013 1811 1097 1877 Nam

84 1896 180 1964 luutm
199 1914 298 1980 quem
322 1913 343 1961 e
368 1895 473 1980 primo
490 1891 543 1959 De
590 1907 676 1956 atura
696 1891 826 1958 deorum
843 1893 974 1958 adduxit
989 1893 1113 1961 Vitio-⁰

80 1981 150 2060 nm,
170 1981 246 2068 quid
260 1979 368 2047 valere
381 1979 421 2044 ad
434 1978 518 2044 iiiam
535 1976 715 2060 scripturam
734 1976 980 2048 confirmandam
997 1980 1098 2044 credi·

80 2065 174 2146 derit,
194 2063 324 2131 neseio:
346 2081 427 2149 ego,
448 2063 502 2148 qui
516 2079 582 2127 eam
595 2061 764 2149 impugno,¹
780 2078 851 2126 eum
868 2055 966 2143 ipsum
982 2062 1102 2128 locum·

78 2148 167 2246 vaide¹
184 2147 293 2214 facete
320 2167 337 2214 a
358 2167 412 2213 me
429 2161 522 2232 puto.
566 2145 691 2216 Etenim
714 2143 734 2210 st
753 2145 798 2210 ita
815 2141 942 2241 diripiet
958 2145 1094 2244 Cicerot

77 2249 208 2393 rau
224 2233 402 2396 nbat
416 2231 506 2398 ni,
521 2229 670 2410 ,tuit
692 2228 1007 2408 emituit.
1025 2232 1091 2378 :tit

77 2397 257 2464 addmmnr
289 2395 374 2464 nuiio
400 2397 498 2472 modo
527 2397 569 2462 de
600 2393 770 2479 scripturae
801 2394 883 2458 riitus
914 2395 1096 2477 integritate

78 2482 274 2548 dubitarem.
303 2500 382 2548 nuuc
403 2481 475 2566 quid
499 2481 578 2547 ait?
608 2479 725 2558 Proto,
756 2477 792 2550 [i
813 2495 917 2551 urvo,
950 2477 986 2546 td
1004 2493 1090 2562 pecu·

76 2569 149 2634 dum
171 2583 284 2651 greges
304 2565 336 2630 dt
357 2583 474 2632 cetera.
508 2581 623 2648 nempe
649 2562 762 2648 igitur,
792 2575 826 2624 ut
852 2558 903 2624 hic
928 2577 1016 2644 pratu
1034 2561 1090 2626 suo

75 2651 207 2718 nomine
221 2649 384 2736 enprerstt,
403 2651 445 2717 ita
460 2648 525 2716 iiiic
542 2665 689 2746 quoque,
709 2645 729 2712 fi
748 2653 839 2730 prata·
851 2645 957 2709 dicere
975 2645 1094 2712 voluis-

73 2733 138 2815 set,
157 2749 247 2820 prata
273 2733 418 2813 dixiaiet,
448 2751 512 2799 non
535 2749 686 2815 gramma.
716 2729 802 2794 teste
824 2729 918 2816 igitur
940 2729 1093 2810 judicavit

76 2815 252 2899 Manutius,
270 2817 377 2886 iocum
402 2818 487 2884 bunc
504 2819 584 2882 vitio
603 2833 665 2882 non
687 2829 811 2880 carere.
835 2811 913 2880 iliud
932 2816 1032 2880 minue
1045 2835 1092 2878 te·

78 2901 143 2968 fte:
162 2904 250 3004 ¹quod
266 2901 533 3002 iibeautiotitate
549 2899 660 2997 vetusti
679 2897 819 2996 codicis,
838 2898 990 2994 praedia,
1010 2915 1092 2994 pro,

78 3003 231 3138 itam
250 2981 1094 3154 iiii‘itiiipttibritmi”iiiiii

78 3171 133 3220 rtur
151 3161 210 3223 tibi
239 3155 320 3222 irum
353 3155 511 3222 Triarium
534 3164 623 3237 putus
646 3149 705 3234 rrsr
721 3147 827 3234 porse,
851 3157 941 3234 quom
958 3148 1021 3227 fiet
1037 3163 1093 3216 tuo

79 3235 202 3307 emota
224 3237 408 3326 granario?
429 3253 525 3322 atque
545 3235 621 3302 haec
635 3233 789 3319 postrema
805 3249 869 3298 vox
886 3233 928 3296 ita
946 3234 1038 3298 ctiam
1056 3234 1089 3301 iu

97 3323 249 3391 uibutdam
272 3323 351 3389 oiim
373 3319 494 3388 excusis
517 3321 651 3405 iegitur.
671 3329 752 3401 quae
773 3313 922 3400 scriptura
946 3334 1018 3381 cum
1036 3317 1091 3382 ab.

75 3339 148 3472 predi
165 3409 242 3476 nihii
269 3407 406 3486 babeat,
427 3405 486 3472 cur
510 3407 637 3488 eiquae
655 3400 754 3485 vulgo
772 3415 897 3483 recepta
917 3397 980 3475 eit,
1005 3417 1091 3466 ante·

73 3493 205 3574 maida
224 3509 291 3560 non
319 3491 378 3570 fit,
398 3509 463 3560 non
476 3491 606 3562 tuideo.
626 3484 703 3551 nibil
719 3484 802 3549 enim
815 3483 980 3578 probibet,
1003 3484 1090 3549 Tor.

74 3591 194 3656 φακῆ
219 3576 308 3642 hunc
329 3575 466 3660 granaria
485 3570 646 3659 quaepiam
667 3567 831 3645 Puteolis,
853 3585 872 3631 e
895 3567 1008 3651 quibus
1023 3585 1089 3650 nm·

72 3674 148 3754 ρο·
161 3657 283 3730 nudus
297 3658 499 3746 perciperet,
521 3650 671 3722 habuisse.
