<?xml version="1.0" encoding="UTF-8"?>
<!DOCTYPE html PUBLIC "-//W3C//DTD XHTML 1.0 Transitional//EN"
    "http://www.w3.org/TR/xhtml1/DTD/xhtml1-transitional.dtd">
<html xmlns="http://www.w3.org/1999/xhtml" xml:lang="en" lang="en">
 <head>
  <title>
</title>
<meta http-equiv="Content-Type" content="text/html;charset=utf-8" />
  <meta name='ocr-system' content='tesseract 3.04.00' />
  <meta name='ocr-capabilities' content='ocr_page ocr_carea ocr_par ocr_line ocrx_word'/>
</head>
<body>
  <div class='ocr_page' id='page_1' title='image "./mantoniimuretio01thomgoog_0811.png"; bbox 0 0 2774 4900; ppageno 0'>
   <div class='ocr_carea' id='block_1_1' title="bbox 227 295 1294 391">
    <p class='ocr_par' dir='ltr' id='par_1_1' title="bbox 227 295 1294 391">
     <span class='ocr_line' id='line_1_1' title="bbox 227 295 1294 391; baseline 0 -25"><span class='ocrx_word' id='word_1_1' title='bbox 227 315 289 367; x_wconf 88' lang='lat' dir='ltr'>ru</span> <span class='ocrx_word' id='word_1_2' title='bbox 329 295 971 370; x_wconf 68' lang='lat' dir='ltr'>Carnutum-Contum&#39;</span> <span class='ocrx_word' id='word_1_3' title='bbox 1049 309 1111 391; x_wconf 84' lang='lat'>805</span> <span class='ocrx_word' id='word_1_4' title='bbox 1290 359 1294 366; x_wconf 93' lang='lat'>.</span> 
     </span>
    </p>
   </div>
   <div class='ocr_carea' id='block_1_2' title="bbox 29 439 1199 1894">
    <p class='ocr_par' dir='ltr' id='par_1_2' title="bbox 29 439 1199 966">
     <span class='ocr_line' id='line_1_2' title="bbox 45 439 1102 544; baseline -0.007 -22"><span class='ocrx_word' id='word_1_5' title='bbox 45 455 200 544; x_wconf 78' lang='lat' dir='ltr'>caelu]</span> <span class='ocrx_word' id='word_1_6' title='bbox 226 454 373 522; x_wconf 88' lang='lat' dir='ltr'>accusant</span> <span class='ocrx_word' id='word_1_7' title='bbox 391 455 513 539; x_wconf 78' lang='lat' dir='ltr'>puellae</span> <span class='ocrx_word' id='word_1_8' title='bbox 533 451 734 538; x_wconf 85' lang='lat' dir='ltr'>Hesperum,</span> <span class='ocrx_word' id='word_1_9' title='bbox 755 439 808 538; x_wconf 69' lang='lat' dir='ltr'>riui</span> <span class='ocrx_word' id='word_1_10' title='bbox 826 457 960 538; x_wconf 77' lang='lat' dir='ltr'>puellam</span> <span class='ocrx_word' id='word_1_11' title='bbox 976 477 992 524; x_wconf 86' lang='lat' dir='ltr'>a</span> <span class='ocrx_word' id='word_1_12' title='bbox 1011 475 1102 526; x_wconf 88' lang='lat' dir='ltr'>com.</span> 
     </span>
     <span class='ocr_line' id='line_1_3' title="bbox 37 537 1102 630; baseline 0.008 -26"><span class='ocrx_word' id='word_1_13' title='bbox 37 545 169 630; x_wconf 83' lang='lat' dir='ltr'>plexu</span> <span class='ocrx_word' id='word_1_14' title='bbox 199 541 308 614; x_wconf 79' lang='lat' dir='ltr'>matris</span> <span class='ocrx_word' id='word_1_15' title='bbox 334 539 507 620; x_wconf 83' lang='lat' dir='ltr'>abstrahat,</span> <span class='ocrx_word' id='word_1_16' title='bbox 530 555 661 622; x_wconf 88' lang='lat' dir='ltr'>eamque</span> <span class='ocrx_word' id='word_1_17' title='bbox 677 537 796 605; x_wconf 84' lang='lat' dir='ltr'>ardenti</span> <span class='ocrx_word' id='word_1_18' title='bbox 821 541 930 622; x_wconf 79' lang='lat' dir='ltr'>juveni</span> <span class='ocrx_word' id='word_1_19' title='bbox 950 545 1102 614; x_wconf 76' lang='lat' dir='ltr'>traditio</span> 
     </span>
     <span class='ocr_line' id='line_1_4' title="bbox 41 619 1199 710; baseline 0.001 -15"><span class='ocrx_word' id='word_1_20' title='bbox 41 645 218 696; x_wconf 72' lang='lat' dir='ltr'>manum.</span> <span class='ocrx_word' id='word_1_21' title='bbox 256 626 422 710; x_wconf 78' lang='lat' dir='ltr'>Complexo</span> <span class='ocrx_word' id='word_1_22' title='bbox 437 627 544 690; x_wconf 82' lang='lat' dir='ltr'>marris</span> <span class='ocrx_word' id='word_1_23' title='bbox 564 621 580 708; x_wconf 84' lang='lat' dir='ltr'>l</span> <span class='ocrx_word' id='word_1_24' title='bbox 599 625 692 688; x_wconf 60' lang='lat' dir='ltr'>adro</span> <span class='ocrx_word' id='word_1_25' title='bbox 703 641 759 707; x_wconf 89' lang='lat' dir='ltr'>per</span> <span class='ocrx_word' id='word_1_26' title='bbox 772 626 1007 708; x_wconf 83' lang='lat' dir='ltr'><strong>repetitionem.</strong></span> <span class='ocrx_word' id='word_1_27' title='bbox 1030 629 1100 694; x_wconf 86' lang='lat' dir='ltr'>Ht-</span> <span class='ocrx_word' id='word_1_28' title='bbox 1197 619 1199 630; x_wconf 80' lang='lat'>&#39;</span> 
     </span>
     <span class='ocr_line' id='line_1_5' title="bbox 29 705 1098 806; baseline -0.001 -30"><span class='ocrx_word' id='word_1_29' title='bbox 29 710 179 799; x_wconf 81' lang='lat' dir='ltr'>spere,</span> <span class='ocrx_word' id='word_1_30' title='bbox 215 713 270 797; x_wconf 82' lang='lat' dir='ltr'>qui</span> <span class='ocrx_word' id='word_1_31' title='bbox 295 707 415 806; x_wconf 70' lang='lat' dir='ltr'>totle]</span> <span class='ocrx_word' id='word_1_32' title='bbox 445 707 632 792; x_wconf 86' lang='lat' dir='ltr'>respondent</span> <span class='ocrx_word' id='word_1_33' title='bbox 659 705 791 787; x_wconf 84' lang='lat' dir='ltr'>juvenes</span> <span class='ocrx_word' id='word_1_34' title='bbox 815 725 946 792; x_wconf 85' lang='lat' dir='ltr'>contra,</span> <span class='ocrx_word' id='word_1_35' title='bbox 975 711 1098 782; x_wconf 85' lang='lat' dir='ltr'>nullutn</span> 
     </span>
     <span class='ocr_line' id='line_1_6' title="bbox 41 790 1177 877; baseline 0.003 -15"><span class='ocrx_word' id='word_1_36' title='bbox 41 795 132 863; x_wconf 87' lang='lat' dir='ltr'>csse</span> <span class='ocrx_word' id='word_1_37' title='bbox 161 795 245 863; x_wconf 83' lang='lat' dir='ltr'>sidua</span> <span class='ocrx_word' id='word_1_38' title='bbox 272 791 403 877; x_wconf 79' lang='lat' dir='ltr'>Hesperi</span> <span class='ocrx_word' id='word_1_39' title='bbox 425 790 551 876; x_wconf 84' lang='lat' dir='ltr'>fulgore</span> <span class='ocrx_word' id='word_1_40' title='bbox 575 791 764 874; x_wconf 79' lang='lat' dir='ltr'>iucundius,</span> <span class='ocrx_word' id='word_1_41' title='bbox 787 793 840 874; x_wconf 88' lang='lat' dir='ltr'>qui</span> <span class='ocrx_word' id='word_1_42' title='bbox 859 795 1006 862; x_wconf 76' lang='lat' dir='ltr'>exoriens</span> <span class='ocrx_word' id='word_1_43' title='bbox 1020 816 1099 866; x_wconf 57' lang='lat' dir='ltr'>cone</span> <span class='ocrx_word' id='word_1_44' title='bbox 1173 823 1177 836; x_wconf 90' lang='lat'>·</span> 
     </span>
     <span class='ocr_line' id='line_1_7' title="bbox 36 875 1094 966; baseline -0.002 -16"><span class='ocrx_word' id='word_1_45' title='bbox 36 882 173 950; x_wconf 86' lang='lat' dir='ltr'>firmet</span> <span class='ocrx_word' id='word_1_46' title='bbox 191 879 315 966; x_wconf 69' lang='lat' dir='ltr'>panae</span> <span class='ocrx_word' id='word_1_47' title='bbox 340 877 520 961; x_wconf 88' lang='lat' dir='ltr'>parentibus</span> <span class='ocrx_word' id='word_1_48' title='bbox 538 875 626 942; x_wconf 87' lang='lat' dir='ltr'>inita.</span> <span class='ocrx_word' id='word_1_49' title='bbox 669 875 789 941; x_wconf 86' lang='lat' dir='ltr'>Versus</span> <span class='ocrx_word' id='word_1_50' title='bbox 806 877 876 959; x_wconf 87' lang='lat' dir='ltr'>ille,</span> <span class='ocrx_word' id='word_1_51' title='bbox 933 880 989 944; x_wconf 82' lang='lat' dir='ltr'>uod</span> <span class='ocrx_word' id='word_1_52' title='bbox 1006 885 1094 966; x_wconf 79' lang='lat' dir='ltr'>pepi.</span> 
     </span>
    </p>

    <p class='ocr_par' dir='ltr' id='par_1_3' title="bbox 71 959 1089 1046">
     <span class='ocr_line' id='line_1_8' title="bbox 71 959 1089 1046; baseline -0.001 -16"><span class='ocrx_word' id='word_1_53' title='bbox 71 986 130 1032; x_wconf 84' lang='lat' dir='ltr'>ere</span> <span class='ocrx_word' id='word_1_54' title='bbox 147 969 233 1046; x_wconf 76' lang='lat' dir='ltr'>uiri,</span> <span class='ocrx_word' id='word_1_55' title='bbox 258 981 390 1038; x_wconf 85' lang='lat' dir='ltr'>vereor,</span> <span class='ocrx_word' id='word_1_56' title='bbox 415 977 449 1027; x_wconf 90' lang='lat' dir='ltr'>ut</span> <span class='ocrx_word' id='word_1_57' title='bbox 464 962 501 1031; x_wconf 89' lang='lat' dir='ltr'>stt</span> <span class='ocrx_word' id='word_1_58' title='bbox 516 959 587 1028; x_wconf 85' lang='lat' dir='ltr'>satis</span> <span class='ocrx_word' id='word_1_59' title='bbox 601 961 796 1028; x_wconf 84' lang='lat' dir='ltr'>emendatus.</span> <span class='ocrx_word' id='word_1_60' title='bbox 832 961 883 1026; x_wconf 84' lang='lat' dir='ltr'>He</span> <span class='ocrx_word' id='word_1_61' title='bbox 897 979 987 1046; x_wconf 68' lang='lat' dir='ltr'>perus</span> <span class='ocrx_word' id='word_1_62' title='bbox 1002 985 1020 1027; x_wconf 89' lang='lat' dir='ltr'>o</span> <span class='ocrx_word' id='word_1_63' title='bbox 1036 985 1089 1030; x_wconf 84' lang='lat' dir='ltr'>uo.</span> 
     </span>
    </p>

    <p class='ocr_par' dir='ltr' id='par_1_4' title="bbox 36 1043 1153 1894">
     <span class='ocr_line' id='line_1_9' title="bbox 70 1043 1093 1138; baseline 0 -21"><span class='ocrx_word' id='word_1_64' title='bbox 70 1055 103 1118; x_wconf 83' lang='lat' dir='ltr'>ir</span> <span class='ocrx_word' id='word_1_65' title='bbox 131 1049 147 1138; x_wconf 93' lang='lat'>]</span> <span class='ocrx_word' id='word_1_66' title='bbox 181 1045 301 1136; x_wconf 83' lang='lat' dir='ltr'>puellas</span> <span class='ocrx_word' id='word_1_67' title='bbox 322 1047 409 1132; x_wconf 85' lang='lat' dir='ltr'>loqui</span> <span class='ocrx_word' id='word_1_68' title='bbox 436 1044 578 1128; x_wconf 81' lang='lat' dir='ltr'>constat.</span> <span class='ocrx_word' id='word_1_69' title='bbox 611 1043 663 1112; x_wconf 87' lang='lat' dir='ltr'>sed</span> <span class='ocrx_word' id='word_1_70' title='bbox 687 1043 757 1130; x_wconf 88' lang='lat' dir='ltr'>post</span> <span class='ocrx_word' id='word_1_71' title='bbox 782 1043 866 1112; x_wconf 92' lang='lat' dir='ltr'>hunc</span> <span class='ocrx_word' id='word_1_72' title='bbox 889 1049 1012 1126; x_wconf 80' lang='lat' dir='ltr'>versum</span> <span class='ocrx_word' id='word_1_73' title='bbox 1034 1051 1093 1117; x_wconf 61' lang='lat' dir='ltr'>set</span> 
     </span>
     <span class='ocr_line' id='line_1_10' title="bbox 36 1128 1095 1220; baseline 0 -20"><span class='ocrx_word' id='word_1_74' title='bbox 36 1133 183 1220; x_wconf 84' lang='lat' dir='ltr'>septem</span> <span class='ocrx_word' id='word_1_75' title='bbox 202 1133 272 1218; x_wconf 78' lang='lat' dir='ltr'>plus</span> <span class='ocrx_word' id='word_1_76' title='bbox 295 1132 396 1196; x_wconf 81' lang='lat' dir='ltr'>minut</span> <span class='ocrx_word' id='word_1_77' title='bbox 419 1130 641 1198; x_wconf 80' lang='lat' dir='ltr'>desderautur.</span> <span class='ocrx_word' id='word_1_78' title='bbox 682 1128 761 1195; x_wconf 87' lang='lat' dir='ltr'>illud</span> <span class='ocrx_word' id='word_1_79' title='bbox 783 1141 912 1210; x_wconf 72' lang='lat' dir='ltr'>autem,</span> <span class='ocrx_word' id='word_1_80' title='bbox 946 1133 992 1198; x_wconf 80' lang='lat' dir='ltr'>At</span> <span class='ocrx_word' id='word_1_81' title='bbox 1011 1135 1095 1200; x_wconf 81' lang='lat' dir='ltr'>lubet</span> 
     </span>
     <span class='ocr_line' id='line_1_11' title="bbox 41 1213 1095 1320; baseline -0.003 -35"><span class='ocrx_word' id='word_1_82' title='bbox 41 1223 226 1320; x_wconf 74' lang='lat' dir='ltr'>innuptis,</span> <span class='ocrx_word' id='word_1_83' title='bbox 257 1213 422 1312; x_wconf 82' lang='lat' dir='ltr'>manifesto</span> <span class='ocrx_word' id='word_1_84' title='bbox 442 1233 460 1280; x_wconf 87' lang='lat' dir='ltr'>a</span> <span class='ocrx_word' id='word_1_85' title='bbox 477 1215 646 1313; x_wconf 69' lang='lat' dir='ltr'>iuvenious</span> <span class='ocrx_word' id='word_1_86' title='bbox 668 1214 796 1304; x_wconf 77' lang='lat' dir='ltr'>dicitur.</span> <span class='ocrx_word' id='word_1_87' title='bbox 853 1215 899 1280; x_wconf 87' lang='lat' dir='ltr'>Ut</span> <span class='ocrx_word' id='word_1_88' title='bbox 912 1215 977 1300; x_wconf 86' lang='lat' dir='ltr'>flor</span> <span class='ocrx_word' id='word_1_89' title='bbox 998 1221 1031 1283; x_wconf 86' lang='lat' dir='ltr'>iu</span> <span class='ocrx_word' id='word_1_90' title='bbox 1044 1217 1095 1315; x_wconf 67' lang='lat' dir='ltr'>si*</span> 
     </span>
     <span class='ocr_line' id='line_1_12' title="bbox 42 1299 1094 1481; baseline 0.006 -27"><span class='ocrx_word' id='word_1_91' title='bbox 42 1299 1094 1481; x_wconf 49' lang='lat' dir='ltr'>illiriu‘ee‘llllulplilu.sesilliiselisi:</span> 
     </span>
     <span class='ocr_line' id='line_1_13' title="bbox 45 1403 1090 1566; baseline -0.004 -28"><span class='ocrx_word' id='word_1_92' title='bbox 45 1473 130 1538; x_wconf 83' lang='lat' dir='ltr'>dum</span> <span class='ocrx_word' id='word_1_93' title='bbox 151 1490 228 1536; x_wconf 86' lang='lat' dir='ltr'>tore</span> <span class='ocrx_word' id='word_1_94' title='bbox 247 1469 317 1557; x_wconf 78' lang='lat' dir='ltr'>suis</span> <span class='ocrx_word' id='word_1_95' title='bbox 341 1403 412 1558; x_wconf 47' lang='lat' dir='ltr'>eli]</span> <span class='ocrx_word' id='word_1_96' title='bbox 440 1487 546 1566; x_wconf 68' lang='lat' dir='ltr'>ptrue,</span> <span class='ocrx_word' id='word_1_97' title='bbox 575 1467 662 1542; x_wconf 80' lang='lat' dir='ltr'>dura,</span> <span class='ocrx_word' id='word_1_98' title='bbox 694 1466 778 1530; x_wconf 87' lang='lat' dir='ltr'>valet</span> <span class='ocrx_word' id='word_1_99' title='bbox 795 1469 954 1550; x_wconf 89' lang='lat' dir='ltr'>quandiu:</span> <span class='ocrx_word' id='word_1_100' title='bbox 987 1469 1090 1554; x_wconf 85' lang='lat' dir='ltr'>poste·</span> 
     </span>
     <span class='ocr_line' id='line_1_14' title="bbox 44 1547 1093 1724; baseline -0.016 -17"><span class='ocrx_word' id='word_1_101' title='bbox 44 1547 838 1724; x_wconf 58' lang='lat' dir='ltr'>ilarisisuillliliiuui&#39;ll‘sri</span> <span class='ocrx_word' id='word_1_102' title='bbox 859 1553 1093 1720; x_wconf 53' lang='lat' dir='ltr'>lilioli&amp;</span> 
     </span>
     <span class='ocr_line' id='line_1_15' title="bbox 47 1683 1153 1807; baseline 0.002 -18"><span class='ocrx_word' id='word_1_103' title='bbox 47 1725 139 1790; x_wconf 92' lang='lat' dir='ltr'>dunt</span> <span class='ocrx_word' id='word_1_104' title='bbox 155 1725 307 1807; x_wconf 83' lang='lat' dir='ltr'>juvente,</span> <span class='ocrx_word' id='word_1_105' title='bbox 333 1722 411 1790; x_wconf 86' lang='lat' dir='ltr'>nihil</span> <span class='ocrx_word' id='word_1_106' title='bbox 431 1721 544 1807; x_wconf 83' lang='lat' dir='ltr'>virgini</span> <span class='ocrx_word' id='word_1_107' title='bbox 569 1718 635 1788; x_wconf 82' lang='lat' dir='ltr'>esse</span> <span class='ocrx_word' id='word_1_108' title='bbox 659 1719 829 1806; x_wconf 71' lang='lat' dir='ltr'>optabilius</span> <span class='ocrx_word' id='word_1_109' title='bbox 846 1683 979 1807; x_wconf 77' lang='lat' dir='ltr'>’ruptim</span> <span class='ocrx_word' id='word_1_110' title='bbox 1027 1720 1088 1790; x_wconf 87' lang='lat' dir='ltr'>Vi·</span> <span class='ocrx_word' id='word_1_111' title='bbox 1140 1775 1153 1804; x_wconf 81' lang='lat'>,</span> 
     </span>
     <span class='ocr_line' id='line_1_16' title="bbox 50 1807 1023 1894; baseline -0.008 -19"><span class='ocrx_word' id='word_1_112' title='bbox 50 1808 155 1894; x_wconf 75' lang='lat' dir='ltr'>dum]</span> <span class='ocrx_word' id='word_1_113' title='bbox 181 1807 354 1884; x_wconf 84' lang='lat' dir='ltr'>Horatius,</span> <span class='ocrx_word' id='word_1_114' title='bbox 1019 1859 1023 1867; x_wconf 93' lang='lat'>.</span> 
     </span>
    </p>
   </div>
   <div class='ocr_carea' id='block_1_3' title="bbox 182 1931 1079 2190">
    <p class='ocr_par' dir='ltr' id='par_1_5' title="bbox 182 1931 1079 2190">
     <span class='ocr_line' id='line_1_17' title="bbox 184 1931 1079 2024; baseline -0.002 -24"><span class='ocrx_word' id='word_1_115' title='bbox 184 1935 228 2000; x_wconf 79' lang='lat' dir='ltr'>Et</span> <span class='ocrx_word' id='word_1_116' title='bbox 250 1935 340 1998; x_wconf 80' lang='lat' dir='ltr'>uitem</span> <span class='ocrx_word' id='word_1_117' title='bbox 361 1933 468 2000; x_wconf 80' lang='lat' dir='ltr'>uiduus</span> <span class='ocrx_word' id='word_1_118' title='bbox 492 1933 575 2000; x_wconf 80' lang='lat' dir='ltr'>ducit</span> <span class='ocrx_word' id='word_1_119' title='bbox 598 1935 638 2000; x_wconf 80' lang='lat' dir='ltr'>ud</span> <span class='ocrx_word' id='word_1_120' title='bbox 659 1937 794 1998; x_wconf 82' lang='lat' dir='ltr'>ornaret.</span> <span class='ocrx_word' id='word_1_121' title='bbox 836 1931 945 2016; x_wconf 84' lang='lat' dir='ltr'>Idem,</span> <span class='ocrx_word' id='word_1_122' title='bbox 1061 1981 1079 2024; x_wconf 89' lang='lat'>·.</span> 
     </span>
     <span class='ocr_line' id='line_1_18' title="bbox 183 2019 968 2103; baseline -0.006 -17"><span class='ocrx_word' id='word_1_123' title='bbox 183 2019 271 2101; x_wconf 82' lang='lat' dir='ltr'>Ergo</span> <span class='ocrx_word' id='word_1_124' title='bbox 291 2030 346 2084; x_wconf 80' lang='lat' dir='ltr'>aut</span> <span class='ocrx_word' id='word_1_125' title='bbox 367 2020 475 2084; x_wconf 81' lang='lat' dir='ltr'>adulta</span> <span class='ocrx_word' id='word_1_126' title='bbox 496 2023 605 2084; x_wconf 78' lang='lat' dir='ltr'>uirium</span> <span class='ocrx_word' id='word_1_127' title='bbox 625 2022 796 2103; x_wconf 77' lang='lat' dir='ltr'><em>propagine</em></span> <span class='ocrx_word' id='word_1_128' title='bbox 963 2035 968 2044; x_wconf 92' lang='lat'>·</span> 
     </span>
     <span class='ocr_line' id='line_1_19' title="bbox 182 2103 603 2190; baseline -0.002 -23"><span class='ocrx_word' id='word_1_129' title='bbox 182 2103 277 2167; x_wconf 76' lang='lat' dir='ltr'>Altus</span> <span class='ocrx_word' id='word_1_130' title='bbox 299 2108 425 2168; x_wconf 78' lang='lat' dir='ltr'>uturitol</span> <span class='ocrx_word' id='word_1_131' title='bbox 445 2105 603 2190; x_wconf 69' lang='lat' dir='ltr'>populun·</span> 
     </span>
    </p>
   </div>
   <div class='ocr_carea' id='block_1_4' title="bbox 54 2234 1115 2476">
    <p class='ocr_par' dir='ltr' id='par_1_6' title="bbox 54 2234 1115 2476">
     <span class='ocr_line' id='line_1_20' title="bbox 60 2234 1115 2322; baseline 0 -20"><span class='ocrx_word' id='word_1_132' title='bbox 60 2237 203 2308; x_wconf 77' lang='lat' dir='ltr'>Viduam</span> <span class='ocrx_word' id='word_1_133' title='bbox 217 2251 322 2302; x_wconf 85' lang='lat' dir='ltr'>autem</span> <span class='ocrx_word' id='word_1_134' title='bbox 335 2235 420 2320; x_wconf 76' lang='lat' dir='ltr'>alunt</span> <span class='ocrx_word' id='word_1_135' title='bbox 433 2234 645 2317; x_wconf 84' lang='lat' dir='ltr'>jurisconsulti</span> <span class='ocrx_word' id='word_1_136' title='bbox 661 2237 769 2302; x_wconf 87' lang='lat' dir='ltr'>vocari</span> <span class='ocrx_word' id='word_1_137' title='bbox 784 2255 852 2302; x_wconf 87' lang='lat' dir='ltr'>eum</span> <span class='ocrx_word' id='word_1_138' title='bbox 870 2239 981 2316; x_wconf 90' lang='lat' dir='ltr'>etiam,</span> <span class='ocrx_word' id='word_1_139' title='bbox 1002 2258 1081 2322; x_wconf 86' lang='lat' dir='ltr'>quae</span> <span class='ocrx_word' id='word_1_140' title='bbox 1112 2305 1115 2314; x_wconf 72' lang='grc'><strong>,</strong></span> 
     </span>
     <span class='ocr_line' id='line_1_21' title="bbox 54 2319 1088 2411; baseline -0.002 -21"><span class='ocrx_word' id='word_1_141' title='bbox 54 2341 219 2405; x_wconf 88' lang='lat' dir='ltr'>nunquam</span> <span class='ocrx_word' id='word_1_142' title='bbox 244 2319 356 2404; x_wconf 90' lang='lat' dir='ltr'>nupsrt.</span> <span class='ocrx_word' id='word_1_143' title='bbox 418 2322 463 2384; x_wconf 80' lang='lat' dir='ltr'>At</span> <span class='ocrx_word' id='word_1_144' title='bbox 490 2335 524 2392; x_wconf 81' lang='lat' dir='ltr'>tu</span> <span class='ocrx_word' id='word_1_145' title='bbox 553 2343 589 2400; x_wconf 78' lang='lat' dir='ltr'>tre</span> <span class='ocrx_word' id='word_1_146' title='bbox 609 2319 751 2411; x_wconf 75' lang='lat' dir='ltr'>pugne]</span> <span class='ocrx_word' id='word_1_147' title='bbox 797 2321 860 2388; x_wconf 89' lang='lat' dir='ltr'>huc</span> <span class='ocrx_word' id='word_1_148' title='bbox 882 2320 920 2388; x_wconf 89' lang='lat' dir='ltr'>ab</span> <span class='ocrx_word' id='word_1_149' title='bbox 948 2323 1088 2410; x_wconf 86' lang='lat' dir='ltr'>utrisque</span> 
     </span>
     <span class='ocr_line' id='line_1_22' title="bbox 55 2403 519 2476; baseline -0.009 0"><span class='ocrx_word' id='word_1_150' title='bbox 55 2405 273 2476; x_wconf 89' lang='lat' dir='ltr'>communiter</span> <span class='ocrx_word' id='word_1_151' title='bbox 293 2405 362 2470; x_wconf 85' lang='lat' dir='ltr'>cani</span> <span class='ocrx_word' id='word_1_152' title='bbox 379 2403 519 2472; x_wconf 69' lang='lat' dir='ltr'>uidetur.</span> 
     </span>
    </p>
   </div>
   <div class='ocr_carea' id='block_1_5' title="bbox 215 2539 926 2656">
    <p class='ocr_par' dir='ltr' id='par_1_7' title="bbox 215 2539 926 2656">
     <span class='ocr_line' id='line_1_23' title="bbox 215 2539 926 2656; baseline -0.004 0"><span class='ocrx_word' id='word_1_153' title='bbox 215 2585 312 2656; x_wconf 83' lang='lat' dir='ltr'>un</span> <span class='ocrx_word' id='word_1_154' title='bbox 382 2539 926 2656; x_wconf 59' lang='lat' dir='ltr'>uun&#39;truuruo</span> 
     </span>
    </p>
   </div>
   <div class='ocr_carea' id='block_1_6' title="bbox 55 2741 1215 4098">
    <p class='ocr_par' dir='ltr' id='par_1_8' title="bbox 55 2741 1215 4080">
     <span class='ocr_line' id='line_1_24' title="bbox 98 2741 1084 2832; baseline -0.001 -20"><span class='ocrx_word' id='word_1_155' title='bbox 98 2745 274 2832; x_wconf 76' lang='lat' dir='ltr'>Antequam</span> <span class='ocrx_word' id='word_1_156' title='bbox 292 2741 529 2810; x_wconf 82' lang='lat' dir='ltr'>eruditisfimum</span> <span class='ocrx_word' id='word_1_157' title='bbox 547 2747 662 2828; x_wconf 77' lang='lat' dir='ltr'>poema</span> <span class='ocrx_word' id='word_1_158' title='bbox 681 2742 721 2807; x_wconf 91' lang='lat' dir='ltr'>de</span> <span class='ocrx_word' id='word_1_159' title='bbox 739 2741 899 2828; x_wconf 84' lang='lat' dir='ltr'>Cybele&amp;</span> <span class='ocrx_word' id='word_1_160' title='bbox 913 2743 980 2809; x_wconf 77' lang='lat' dir='ltr'>Atti</span> <span class='ocrx_word' id='word_1_161' title='bbox 998 2765 1084 2811; x_wconf 87' lang='lat' dir='ltr'>enar-</span> 
     </span>
     <span class='ocr_line' id='line_1_25' title="bbox 60 2827 1084 2916; baseline -0.008 -17"><span class='ocrx_word' id='word_1_162' title='bbox 60 2849 131 2899; x_wconf 89' lang='lat' dir='ltr'>rare</span> <span class='ocrx_word' id='word_1_163' title='bbox 150 2832 314 2914; x_wconf 85' lang='lat' dir='ltr'>incipiam,</span> <span class='ocrx_word' id='word_1_164' title='bbox 335 2827 494 2908; x_wconf 83' lang='lat' dir='ltr'>nouerit,</span> <span class='ocrx_word' id='word_1_165' title='bbox 516 2844 551 2892; x_wconf 94' lang='lat' dir='ltr'>ut</span> <span class='ocrx_word' id='word_1_166' title='bbox 567 2829 720 2907; x_wconf 82' lang='lat' dir='ltr'>arbitror,</span> <span class='ocrx_word' id='word_1_167' title='bbox 741 2828 874 2894; x_wconf 87' lang='lat' dir='ltr'>alienum</span> <span class='ocrx_word' id='word_1_168' title='bbox 895 2827 934 2893; x_wconf 88' lang='lat' dir='ltr'>de</span> <span class='ocrx_word' id='word_1_169' title='bbox 948 2829 1014 2914; x_wconf 82' lang='lat' dir='ltr'>ipsu</span> <span class='ocrx_word' id='word_1_170' title='bbox 1029 2849 1084 2916; x_wconf 59' lang='lat' dir='ltr'>ger</span> 
     </span>
     <span class='ocr_line' id='line_1_26' title="bbox 55 2911 1084 2998; baseline -0.003 -14"><span class='ocrx_word' id='word_1_171' title='bbox 55 2934 136 2984; x_wconf 85' lang='lat' dir='ltr'>nete</span> <span class='ocrx_word' id='word_1_172' title='bbox 158 2913 265 2980; x_wconf 80' lang='lat' dir='ltr'>versus</span> <span class='ocrx_word' id='word_1_173' title='bbox 289 2912 405 2996; x_wconf 86' lang='lat' dir='ltr'>aliquid</span> <span class='ocrx_word' id='word_1_174' title='bbox 427 2913 554 2977; x_wconf 86' lang='lat' dir='ltr'>dicere.</span> <span class='ocrx_word' id='word_1_175' title='bbox 592 2931 683 2996; x_wconf 87' lang='lat' dir='ltr'>quam</span> <span class='ocrx_word' id='word_1_176' title='bbox 707 2912 789 2977; x_wconf 89' lang='lat' dir='ltr'>enim</span> <span class='ocrx_word' id='word_1_177' title='bbox 812 2911 938 2981; x_wconf 88' lang='lat' dir='ltr'>minime</span> <span class='ocrx_word' id='word_1_178' title='bbox 956 2915 1084 2998; x_wconf 80' lang='lat' dir='ltr'>nervul-</span> 
     </span>
     <span class='ocr_line' id='line_1_27' title="bbox 59 2995 1215 3086; baseline 0.002 -22"><span class='ocrx_word' id='word_1_179' title='bbox 59 3015 131 3086; x_wconf 85' lang='lat' dir='ltr'>gata</span> <span class='ocrx_word' id='word_1_180' title='bbox 151 2999 188 3064; x_wconf 81' lang='lat' dir='ltr'>st</span> <span class='ocrx_word' id='word_1_181' title='bbox 212 2999 415 3076; x_wconf 65' lang='lat' dir='ltr'>illumatio,</span> <span class='ocrx_word' id='word_1_182' title='bbox 445 3015 507 3062; x_wconf 91' lang='lat' dir='ltr'>non</span> <span class='ocrx_word' id='word_1_183' title='bbox 525 2996 554 3060; x_wconf 93' lang='lat' dir='ltr'>id</span> <span class='ocrx_word' id='word_1_184' title='bbox 574 3013 694 3062; x_wconf 88' lang='lat' dir='ltr'>tantum</span> <span class='ocrx_word' id='word_1_185' title='bbox 713 2995 867 3077; x_wconf 89' lang='lat' dir='ltr'>ostendit,</span> <span class='ocrx_word' id='word_1_186' title='bbox 888 3000 991 3081; x_wconf 88' lang='lat' dir='ltr'>quod.</span> <span class='ocrx_word' id='word_1_187' title='bbox 1016 3001 1082 3080; x_wconf 86' lang='lat' dir='ltr'>ejus</span> <span class='ocrx_word' id='word_1_188' title='bbox 1213 3062 1215 3066; x_wconf 85' lang='lat'>.</span> 
     </span>
     <span class='ocr_line' id='line_1_28' title="bbox 67 3079 1188 3169; baseline -0.002 -17"><span class='ocrx_word' id='word_1_189' title='bbox 67 3083 283 3169; x_wconf 82' lang='lat' dir='ltr'>ignoratione,</span> <span class='ocrx_word' id='word_1_190' title='bbox 304 3082 413 3161; x_wconf 83' lang='lat' dir='ltr'>multis</span> <span class='ocrx_word' id='word_1_191' title='bbox 426 3079 505 3168; x_wconf 79' lang='lat' dir='ltr'>locis</span> <span class='ocrx_word' id='word_1_192' title='bbox 521 3081 725 3164; x_wconf 80' lang='lat' dir='ltr'>depravatum</span> <span class='ocrx_word' id='word_1_193' title='bbox 740 3081 801 3146; x_wconf 91' lang='lat' dir='ltr'>hoc</span> <span class='ocrx_word' id='word_1_194' title='bbox 815 3099 939 3150; x_wconf 88' lang='lat' dir='ltr'>carmen</span> <span class='ocrx_word' id='word_1_195' title='bbox 956 3081 1079 3163; x_wconf 83' lang='lat' dir='ltr'>fuerut3</span> <span class='ocrx_word' id='word_1_196' title='bbox 1183 3095 1188 3110; x_wconf 88' lang='lat'><strong>·</strong></span> 
     </span>
     <span class='ocr_line' id='line_1_29' title="bbox 62 3161 1081 3250; baseline -0.002 -14"><span class='ocrx_word' id='word_1_197' title='bbox 62 3167 118 3236; x_wconf 76' lang='lat' dir='ltr'>scd</span> <span class='ocrx_word' id='word_1_198' title='bbox 141 3167 215 3234; x_wconf 88' lang='lat' dir='ltr'>illud</span> <span class='ocrx_word' id='word_1_199' title='bbox 238 3167 479 3250; x_wconf 82' lang='lat' dir='ltr'>multomagis,</span> <span class='ocrx_word' id='word_1_200' title='bbox 507 3165 594 3248; x_wconf 88' lang='lat' dir='ltr'>quod</span> <span class='ocrx_word' id='word_1_201' title='bbox 615 3161 757 3230; x_wconf 75' lang='lat' dir='ltr'>Micha&#39;el</span> <span class='ocrx_word' id='word_1_202' title='bbox 781 3165 953 3245; x_wconf 77' lang='lat' dir='ltr'>Marullus,</span> <span class='ocrx_word' id='word_1_203' title='bbox 977 3163 1081 3234; x_wconf 85' lang='lat' dir='ltr'>Geor·</span> 
     </span>
     <span class='ocr_line' id='line_1_30' title="bbox 58 3247 1079 3340; baseline 0.001 -23"><span class='ocrx_word' id='word_1_204' title='bbox 58 3255 127 3340; x_wconf 82' lang='lat' dir='ltr'>gius</span> <span class='ocrx_word' id='word_1_205' title='bbox 146 3251 333 3330; x_wconf 82' lang='lat' dir='ltr'>Anselmua,</span> <span class='ocrx_word' id='word_1_206' title='bbox 367 3250 415 3314; x_wconf 87' lang='lat' dir='ltr'>M.</span> <span class='ocrx_word' id='word_1_207' title='bbox 447 3249 602 3316; x_wconf 87' lang='lat' dir='ltr'>Antonius</span> <span class='ocrx_word' id='word_1_208' title='bbox 626 3247 820 3328; x_wconf 83' lang='lat' dir='ltr'>Flaminius,</span> <span class='ocrx_word' id='word_1_209' title='bbox 851 3265 882 3314; x_wconf 85' lang='lat' dir='ltr'>at</span> <span class='ocrx_word' id='word_1_210' title='bbox 910 3249 964 3334; x_wconf 87' lang='lat' dir='ltr'>qui</span> <span class='ocrx_word' id='word_1_211' title='bbox 993 3253 1079 3319; x_wconf 77' lang='lat' dir='ltr'>viri?</span> 
     </span>
     <span class='ocr_line' id='line_1_31' title="bbox 60 3332 1081 3439; baseline -0.004 -35"><span class='ocrx_word' id='word_1_212' title='bbox 60 3355 191 3424; x_wconf 88' lang='lat' dir='ltr'>quorum</span> <span class='ocrx_word' id='word_1_213' title='bbox 218 3332 430 3419; x_wconf 75' lang='lat' dir='ltr'>unusquisque</span> <span class='ocrx_word' id='word_1_214' title='bbox 446 3335 574 3439; x_wconf 72' lang='lat' dir='ltr'>propius</span> <span class='ocrx_word' id='word_1_215' title='bbox 590 3353 607 3398; x_wconf 87' lang='lat' dir='ltr'>a</span> <span class='ocrx_word' id='word_1_216' title='bbox 623 3332 811 3398; x_wconf 90' lang='lat' dir='ltr'>summorum</span> <span class='ocrx_word' id='word_1_217' title='bbox 825 3341 990 3415; x_wconf 67' lang='lat' dir='ltr'>poetarum</span> <span class='ocrx_word' id='word_1_218' title='bbox 1008 3337 1081 3400; x_wconf 85' lang='lat' dir='ltr'>abe·</span> 
     </span>
     <span class='ocr_line' id='line_1_32' title="bbox 58 3416 1078 3502; baseline -0.007 -11"><span class='ocrx_word' id='word_1_219' title='bbox 58 3439 127 3500; x_wconf 82' lang='lat' dir='ltr'>rat,</span> <span class='ocrx_word' id='word_1_220' title='bbox 175 3439 241 3486; x_wconf 92' lang='lat' dir='ltr'>uam</span> <span class='ocrx_word' id='word_1_221' title='bbox 264 3439 281 3486; x_wconf 83' lang='lat' dir='ltr'>a</span> <span class='ocrx_word' id='word_1_222' title='bbox 303 3419 528 3498; x_wconf 79' lang='lat' dir='ltr'>mediocrium,</span> <span class='ocrx_word' id='word_1_223' title='bbox 552 3417 659 3496; x_wconf 84' lang='lat' dir='ltr'>laude,</span> <span class='ocrx_word' id='word_1_224' title='bbox 682 3436 754 3484; x_wconf 91' lang='lat' dir='ltr'>cum</span> <span class='ocrx_word' id='word_1_225' title='bbox 774 3416 864 3500; x_wconf 81' lang='lat' dir='ltr'>hujus</span> <span class='ocrx_word' id='word_1_226' title='bbox 882 3419 968 3484; x_wconf 91' lang='lat' dir='ltr'>modi</span> <span class='ocrx_word' id='word_1_227' title='bbox 983 3439 1078 3502; x_wconf 85' lang='lat' dir='ltr'>quac-</span> 
     </span>
     <span class='ocr_line' id='line_1_33' title="bbox 59 3439 1079 3588; baseline -0.008 -16"><span class='ocrx_word' id='word_1_228' title='bbox 59 3508 131 3573; x_wconf 89' lang='lat' dir='ltr'>dam</span> <span class='ocrx_word' id='word_1_229' title='bbox 149 3439 283 3570; x_wconf 58' lang='lat' dir='ltr'>rqctrlrere</span> <span class='ocrx_word' id='word_1_230' title='bbox 308 3499 437 3588; x_wconf 74' lang='lat' dir='ltr'>aggresi</span> <span class='ocrx_word' id='word_1_231' title='bbox 463 3500 586 3580; x_wconf 89' lang='lat' dir='ltr'>essent,</span> <span class='ocrx_word' id='word_1_232' title='bbox 615 3499 743 3586; x_wconf 85' lang='lat' dir='ltr'>seseque</span> <span class='ocrx_word' id='word_1_233' title='bbox 770 3519 858 3566; x_wconf 88' lang='lat' dir='ltr'>totos</span> <span class='ocrx_word' id='word_1_234' title='bbox 875 3504 914 3567; x_wconf 87' lang='lat' dir='ltr'>ad</span> <span class='ocrx_word' id='word_1_235' title='bbox 929 3505 1079 3570; x_wconf 82' lang='lat' dir='ltr'>imitatio.</span> 
     </span>
     <span class='ocr_line' id='line_1_34' title="bbox 62 3582 1075 3674; baseline -0.003 -16"><span class='ocrx_word' id='word_1_236' title='bbox 62 3609 134 3659; x_wconf 89' lang='lat' dir='ltr'>nem</span> <span class='ocrx_word' id='word_1_237' title='bbox 153 3587 317 3656; x_wconf 86' lang='lat' dir='ltr'>Catulliani</span> <span class='ocrx_word' id='word_1_238' title='bbox 353 3587 488 3654; x_wconf 73' lang='lat' dir='ltr'>oemutis</span> <span class='ocrx_word' id='word_1_239' title='bbox 502 3582 728 3674; x_wconf 84' lang='lat' dir='ltr'>contulissent,</span> <span class='ocrx_word' id='word_1_240' title='bbox 750 3583 768 3664; x_wconf 76' lang='lat' dir='ltr'>s</span> <span class='ocrx_word' id='word_1_241' title='bbox 777 3605 880 3668; x_wconf 85' lang='lat' dir='ltr'>neque</span> <span class='ocrx_word' id='word_1_242' title='bbox 896 3591 978 3654; x_wconf 85' lang='lat' dir='ltr'>enim</span> <span class='ocrx_word' id='word_1_243' title='bbox 991 3589 1075 3656; x_wconf 83' lang='lat' dir='ltr'>aliud</span> 
     </span>
     <span class='ocr_line' id='line_1_35' title="bbox 61 3607 1078 3771; baseline -0.002 -28"><span class='ocrx_word' id='word_1_244' title='bbox 61 3673 233 3752; x_wconf 81' lang='lat' dir='ltr'>iubebant,</span> <span class='ocrx_word' id='word_1_245' title='bbox 254 3607 350 3771; x_wconf 57' lang='lat' dir='ltr'>quoX</span> <span class='ocrx_word' id='word_1_246' title='bbox 363 3671 415 3738; x_wconf 89' lang='lat' dir='ltr'>srbi</span> <span class='ocrx_word' id='word_1_247' title='bbox 431 3684 650 3755; x_wconf 78' lang='lat' dir='ltr'>proponerent·</span> <span class='ocrx_word' id='word_1_248' title='bbox 662 3671 700 3738; x_wconf 90' lang='lat' dir='ltr'>ad</span> <span class='ocrx_word' id='word_1_249' title='bbox 717 3665 924 3756; x_wconf 90' lang='lat' dir='ltr'>imitandum)</span> <span class='ocrx_word' id='word_1_250' title='bbox 945 3691 1078 3760; x_wconf 86' lang='lat' dir='ltr'>propter</span> 
     </span>
     <span class='ocr_line' id='line_1_36' title="bbox 62 3754 1074 3842; baseline -0.002 -16"><span class='ocrx_word' id='word_1_251' title='bbox 62 3779 151 3826; x_wconf 83' lang='lat' dir='ltr'>exem</span> <span class='ocrx_word' id='word_1_252' title='bbox 175 3758 244 3826; x_wconf 82' lang='lat' dir='ltr'>latit</span> <span class='ocrx_word' id='word_1_253' title='bbox 264 3756 359 3842; x_wconf 88' lang='lat' dir='ltr'>rpsrus</span> <span class='ocrx_word' id='word_1_254' title='bbox 377 3755 612 3839; x_wconf 88' lang='lat' dir='ltr'>corruptionem</span> <span class='ocrx_word' id='word_1_255' title='bbox 633 3754 723 3839; x_wconf 88' lang='lat' dir='ltr'>saepe</span> <span class='ocrx_word' id='word_1_256' title='bbox 735 3771 915 3838; x_wconf 87' lang='lat' dir='ltr'>peccarunt.</span> <span class='ocrx_word' id='word_1_257' title='bbox 956 3755 1074 3842; x_wconf 81' lang='lat' dir='ltr'>Neque</span> 
     </span>
     <span class='ocr_line' id='line_1_37' title="bbox 60 3777 1074 3928; baseline -0.005 -15"><span class='ocrx_word' id='word_1_258' title='bbox 60 3846 124 3912; x_wconf 88' lang='lat' dir='ltr'>hoc</span> <span class='ocrx_word' id='word_1_259' title='bbox 145 3777 235 3925; x_wconf 53' lang='grc' dir='ltr'><strong>Χίου,</strong></span> <span class='ocrx_word' id='word_1_260' title='bbox 262 3841 354 3928; x_wconf 45' lang='lat' dir='ltr'>quod*</span> <span class='ocrx_word' id='word_1_261' title='bbox 371 3839 540 3925; x_wconf 89' lang='lat' dir='ltr'>quidquam</span> <span class='ocrx_word' id='word_1_262' title='bbox 558 3841 598 3906; x_wconf 91' lang='lat' dir='ltr'>de</span> <span class='ocrx_word' id='word_1_263' title='bbox 619 3839 945 3923; x_wconf 84' lang='lat' dir='ltr'>praestantisumorum</span> <span class='ocrx_word' id='word_1_264' title='bbox 970 3842 1074 3908; x_wconf 87' lang='lat' dir='ltr'>homi·</span> 
     </span>
     <span class='ocr_line' id='line_1_38' title="bbox 60 3923 1075 4080; baseline -0.008 -76"><span class='ocrx_word' id='word_1_265' title='bbox 60 3947 132 4014; x_wconf 77' lang='lat' dir='ltr'>nuru</span> <span class='ocrx_word' id='word_1_266' title='bbox 154 3928 254 4018; x_wconf 73' lang='lat' dir='ltr'>gloria</span> <span class='ocrx_word' id='word_1_267' title='bbox 274 3926 450 4002; x_wconf 75' lang='lat' dir='ltr'>detractum</span> <span class='ocrx_word' id='word_1_268' title='bbox 469 3925 589 4007; x_wconf 80' lang='lat' dir='ltr'>velim3</span> <span class='ocrx_word' id='word_1_269' title='bbox 618 3923 672 4080; x_wconf 40' lang='lat' dir='ltr'>fild</span> <span class='ocrx_word' id='word_1_270' title='bbox 691 3939 726 3988; x_wconf 92' lang='lat' dir='ltr'>ut</span> <span class='ocrx_word' id='word_1_271' title='bbox 736 3943 847 4010; x_wconf 83' lang='lat' dir='ltr'>acuant</span> <span class='ocrx_word' id='word_1_272' title='bbox 869 3923 1075 4078; x_wconf 43' lang='lat' dir='ltr'>studiosorum</span> 
     </span>
    </p>

    <p class='ocr_par' dir='ltr' id='par_1_9' title="bbox 630 4025 1079 4098">
     <span class='ocr_line' id='line_1_39' title="bbox 630 4025 1079 4098; baseline 0.009 -23"><span class='ocrx_word' id='word_1_273' title='bbox 630 4025 634 4032; x_wconf 88' lang='lat'>·</span> <span class='ocrx_word' id='word_1_274' title='bbox 671 4025 756 4098; x_wconf 78' lang='lat' dir='ltr'>ee3</span> <span class='ocrx_word' id='word_1_275' title='bbox 1003 4031 1079 4080; x_wconf 85' lang='lat' dir='ltr'>uo·</span> 
     </span>
    </p>
   </div>
   <div class='ocr_carea' id='block_1_7' title="bbox 0 0 1411 4900">
    <p class='ocr_par' dir='ltr' id='par_1_10' title="bbox 0 0 1411 4900">
     <span class='ocr_line' id='line_1_40' title="bbox 0 0 1411 4900; baseline 0 0"><span class='ocrx_word' id='word_1_276' title='bbox 0 0 1411 4900; x_wconf 95' lang='lat' dir='ltr'> </span> 
     </span>
    </p>
   </div>
  </div>
 </body>
</html>
