2802 4920
185 379 192 390 .
240 353 291 414 itt
326 343 594 414 Cluturnum
636 339 682 410 11.
723 329 966 418 Celennia.
1056 349 1127 442 389Ι

88 523 186 594 mmm
212 499 370 570 felicitate
392 518 447 568 aut
469 500 568 576 bene,
597 515 651 569 aut
673 500 755 569 male
783 501 830 570 uti
855 501 979 586 potest.
1007 501 1126 576 utimur
1191 563 1194 572 ,

95 594 181 660 enim
201 607 266 656 nou
288 585 355 672 ipso
376 585 457 653 line:¹
487 587 541 652 sed
564 587 621 664 iis,
643 604 724 672 quae
745 585 784 652 ad
800 586 896 656 finem
912 587 1068 671 dirigunt,
1091 585 1127 654 id

97 675 167 756 est,
186 673 247 753 iis,
271 689 353 768 quae
368 669 486 766 emani
503 672 721 766 nominantur.
745 671 921 753 cujusmodi
937 671 1009 738 sunt
1023 689 1123 758 opes,

98 759 251 837 divitiae,
279 756 429 840 tmperia,
459 756 622 840 integritas
648 757 783 837 virium,
808 753 936 837 forma,
957 771 1130 840 ceteraque

97 843 283 916 stoicorum
301 843 472 922 ωιγμίηι.
493 839 648 921 eJuemodi
669 839 753 908 bonu
771 840 804 907 in
821 839 957 909 Catilina
972 857 1060 908 erant
1074 839 1127 908 fir·

97 931 195 998 mitae
214 924 379 1010 corporis,
407 923 558 1006 patientia
580 924 713 1010 algorie,
728 923 882 1004 inediae,
904 925 990 1004 fitis,
1012 921 1128 994 insom.

97 1017 187 1083 uite:
206 1010 320 1096 quibus
336 1005 391 1074 ille
407 1007 555 1076 omnibus
570 1009 609 1076 ad
624 1006 746 1090 scelus,
767 1009 802 1078 lt
816 1009 855 1074 ad
871 1006 1035 1078 libidinem
1053 1008 1129 1076 abu·

97 1101 238 1166 tebamt.
594 1113 601 1125 ·

141 1184 182 1248 ln
204 1180 354 1257 libidine,
375 1175 562 1328 audacium!
591 1175 706 1246 Refert
732 1177 773 1250 ad
799 1177 904 1259 illam,
924 1197 1018 1263 quam
1037 1176 1130 1262 supra

99 1271 245 1346 dixerat,
266 1261 464 1348 stuprorum,
485 1263 515 1328 ἃ
549 1263 689 1334 celerum
706 1263 978 1330 exercitationem.

98 1436 122 1502 d
145 1344 419 1500 ngsumgentur]
442 1344 530 1413 Libri
543 1364 687 1431 veteres,
708 1345 910 1431 consumeret.
928 1349 958 1413 ὅ(
973 1347 1131 1414 itaemtu·

122 1455 161 1503 nn
209 1453 274 1500 me
313 1498 316 1506 Δ
625 1463 628 1468 ·

145 1519 240 1586 Hunc
260 1513 352 1600 ueto]
385 1514 547 1586 Sententia
567 1517 632 1586 est:
676 1516 716 1584 Si¹
734 1517 834 1584 ceteri
866 1517 1042 1601 coniurati,
1073 1516 1130 1602 du·

101 1623 176 1672 cem
192 1601 281 1669 suum
295 1597 413 1679 secuti,
435 1618 474 1666 err
494 1601 571 1667 urbe
593 1602 748 1682 exierint,
769 1601 853 1666 beati
869 1604 1004 1682 erimus,
1024 1599 1128 1666 forto·

105 1706 180 1756 unta
201 1688 262 1753 erit
284 1685 367 1770 respss
390 1685 547 1768 praeclara
573 1688 632 1754 erit
659 1686 727 1754 ltus
747 1685 928 1754 consulatus
949 1683 1023 1754 mei.
1067 1679 1129 1751 Sed

101 1773 337 1852 animadverte,
358 1786 452 1851 quam
474 1769 633 1856 eleganter
653 1771 835 1868 figuraverit
863 1770 945 1839 bane
961 1767 1129 1836 secundam
1194 1763 1204 1776 ‘

104 1855 302 1944 partemr&
345 1867 443 1950 uanto
468 1872 537 1922 eam
559 1853 794 1942 pulchriorem,
813 1856 960 1943 repetitis
977 1853 1131 1940 exclama·

107 1941 267 2022 tionibus,
287 1959 302 2004 r
326 1937 467 2006 'diderrt

147 2029 186 2094 Si
198 2023 253 2112 sai
268 2021 395 2105 suerint
415 2026 536 2090 coniers
560 2021 680 2110 [etuti]
707 2023 789 2091 Duo
812 2023 882 2090 libri
903 2040 1062 2103 veteres,
1087 2025 1125 2092 Si

98 2111 203 2260 [eculei
217 2105 367 2195 eruntsui
384 2112 524 2176 remites.
553 2109 609 2196 qui
624 2127 773 2178 numerus
788 2109 865 2177 milri
886 2111 1014 2195 quidem
1031 2109 1130 2194 magis

50 2239 54 2250 ·
128 2215 165 2262 ro
191 2211 271 2260 atur.

102 2217 128 2284 p
153 2278 229 2360 Nm
243 2277 365 2358 caeles,
383 2271 444 2360 nifi
457 2275 621 2362 incendio]
642 2275 773 2358 Scribe,
796 2277 905 2344 iisdem
920 2276 1006 2343 libris
1022 2270 1130 2344 auito}
1187 2299 1194 2322 ⁸

101 2364 217 2443 ribus,
238 2360 311 2444 Nrfi
333 2361 473 2440 caedem,
496 2361 555 2441 nest
578 2361 732 2428 intendit.
780 2363 892 2428 Caedes
917 2361 1004 2428 enim
1033 2381 1131 2428 unum

104 2449 154 2518 eli
175 2465 215 2514 ex
232 2445 293 2512 illis
305 2445 507 2526 nominibus,
527 2463 609 2530 quae
629 2445 735 2531 priore
749 2463 901 2525 numero,
923 2445 1137 2518 multitudinis

97 2531 366 2621 fignificatiouem
393 2530 531 2598 habeut..
557 2528 702 2608 ἥμισύ,
732 2546 769 2594 ut
794 2526 973 2598 meminisse
995 2529 1127 2608 videor,

100 2617 300 2705 grammatici
322 2631 452 2684 vocant.
492 2613 545 2680 Sic
565 2613 661 2700 igitur
682 2615 809 2684 locutus
833 2613 925 2682 est&
945 2613 1015 2680 aliis
1028 2614 1132 2704 locis,

103 2708 139 2772 ἂ
155 2701 253 2788 paulo
268 2699 367 2769 infra:
389 2695 740 2784 urnuant'sernonuus
748 2697 819 2787 suis
837 2699 956 2768 taedent
971 2702 1132 2786 honorent,

101 2789 301 2874 etquenrlis
319 2785 473 2852 incendio.
533 2847 536 2852 .

148 2868 413 2956 Oiligurierunt]
436 2867 526 2936 Unus
542 2865 732 2936 eveteribus
749 2867 859 2951 libris,
878 2869 1130 2956 obligurierunt,

98 2958 203 3044 idque
224 2954 359 3023 fortasse
382 2953 487 3020 verius
508 2951 574 3026 est.
600 2973 671 3022 nam
689 2954 897 3042 abliguriendi
914 2951 1048 3022 verbum
1064 2973 1130 3022 nou

99 3041 237 3112 memini
250 3041 324 3110 alibi
341 3040 456 3124 legere.
530 3053 534 3064 ¹
566 3053 569 3060 ·
748 3041 780 3062 ’“

140 3127 185 3194 ln
215 3123 314 3212 nino]
347 3121 482 3194 ueratro
507 3122 570 3205 iam
597 3122 771 3204 convivio,
799 3117 990 3210 sublatisque
1007 3125 1128 3208 epulis,

99 3211 223 3298 pocula
239 3225 345 3278 tamen
371 3209 647 3293 relinquebantur,
671 3209 785 3290 quibus
798 3227 911 3276 mutuo
925 3209 1130 3275 intersecet·

96 3303 210 3366 tontes
224 3295 397 3370 convivae,
421 3309 475 3358 aut
487 3293 569 3375 jocis
587 3292 759 3360 hilarabant
776 3294 937 3373 animum,
957 3305 1011 3359 aut
1030 3294 1131 3362 aleam

96 3381 278 3460 ludebant,
299 3394 354 3446 aut
370 3378 488 3466 aliquid
502 3375 659 3445 faciebant
675 3377 845 3459 eiusmodi.
866 3379 897 3445 id
923 3381 1029 3464 itaque
1053 3394 1132 3446 tem·

88 3470 172 3556 ιῥυει
190 3465 347 3532 indicatur
369 3463 419 3530 his
444 3461 593 3549 loquendi
611 3459 797 3548 generibus,
820 3466 854 3527 in
873 3468 942 3529 uino
950 3483 962 3544 3
983 3466 1017 3526 in
1047 3463 1131 3542 ote,

87 3568 202 3638 oeque
218 3553 311 3622 uinot
336 3550 371 3614 in
387 3551 481 3628 nine,
502 3559 594 3631 etque
610 3549 691 3612 oleo.
730 3547 922 3629 Terentius,
940 3577 983 3598 -·
995 3483 1130 3614 ealhere

96 3643 137 3704 in
171 3637 244 3703 eino
268 3653 359 3726 quom
384 3627 570 3716 immolestus
597 3627 707 3716 Fuisti.
761 3629 930 3711 Catullus,
970 3631 1134 3698 Marruci-

97 3743 140 3788 ne
167 3713 283 3802 Afini,
304 3737 395 3788 nunu
410 3712 537 3802 finiflru
562 3713 638 3786 Non
659 3713 737 3781 belle
758 3719 856 3782 uteris
874 3721 908 3784 in
926 3719 1015 3807 joco,
1043 3731 1135 3806 etque

85 3810 193 3875 nino.

151 3887 415 3975 comessationes]
439 3887 541 3960 Vetus
556 3884 654 3967 liber,
676 3881 901 3968 comessatores.
922 3885 1038 3972 placet.
1108 3916 1116 3936 ι

77 4029 86 4048 .
150 3972 270 4063 Essent
288 3976 340 4046 illi
358 3973 478 4064 quidem
493 3967 672 4064 desperandi
689 3967 705 4058 ]
725 3967 816 4056 Nihil
836 3973 920 4039 enim
935 3973 975 4040 ab
990 3969 1135 4122 eletion-

68 4097 89 4119 ..
124 4123 131 4130 ,
444 4099 447 4106 ,
1081 4075 1137 4146 us,
