2776 4920
76 358 79 370 '
222 386 271 449 rra
312 367 572 444 cantatura.
614 320 923 447 uetantia.
1018 393 1085 468 545.

56 523 293 630 prlmo'erllda
315 529 415 598 fultra
433 532 563 630 canitia
586 528 775 600 consularia.
808 532 864 600 sed
893 516 965 601 cun’r
984 537 1085 685 pridie
1176 569 1180 603 ι

79 621 128 688 'ua
145 619 207 686 diei
232 616 350 683 Cicero
374 615 529 684 Catalrnac
552 617 680 684 contilia
697 617 735 684 ad
749 618 889 686 senarum
906 620 982 686 datu
995 621 1085 690 issett

77 705 185 770 astum
212 697 257 766 est
278 705 312 768 S.
332 700 372 766 C.
393 718 436 765 ne
456 699 583 784 postero
600 701 659 767 :die
677 703 806 768 comitia
823 701 1024 771 haberentur:
1045 710 1091 772 ur¹

54 791 98 858 de
117 791 156 854 iis
173 786 269 852 rebus
287 783 318 850 in
335 783 443 850 senatu
461 783 508 870 agi
523 783 647 870 posset.
671 805 741 850 narn
759 787 849 852 aliter
867 788 1018 854 comitiali
1032 789 1085 854 dic

59 874 187 942 senatus
210 867 318 934 haberi
344 886 411 934 aon
438 883 581 952 poterat.
610 867 758 954 postridie
778 871 789 935 l
812 871 892 953 tur,
912 871 1026 954 idest,
1048 887 1084 938 ur

57 959 103 1024 ait
120 951 329 1032 Plutarchus,
357 949 427 1036 ipso
452 953 655 1020 conitiorum
678 955 751 1034 dia,
813 955 900 1019 icero
923 953 1083 1040 frequenti

56 1041 172 1108 senatu
190 1037 355 1104 Catilinam
372 1035 546 1120 excitavit,
563 1050 663 1122 ‘arque
677 1055 749 1104 curn
762 1037 805 1103 de
821 1039 857 1104 ils
873 1041 964 1106 rebus
974 1041 1083 1124 jusit,

57 1122 176 1209 liquid
189 1119 310 1196 vellat,
332 1137 414 1203 quat
428 1121 470 1187 ad
480 1118 514 1187 st
524 1121 638 1189 allatae
650 1118 772 1200 esseut,
797 1121 923 1190 dicere.
941 1140 1007 1192 turn
1026 1124 1081 1190 illa

61 1207 165 1288 dixit,
182 1207 239 1271 dua
260 1217 386 1288 corpora
412 1203 472 1290 ersa
494 1209 575 1291 reip.
594 1223 685 1274 unum
704 1205 805 1272 debile
823 1205 943 1290 infirma
959 1213 1082 1293 capite,

57 1295 193 1362 nimum
213 1287 338 1372 fimum
346 1285 413 1368 fine
429 1292 544 1372 rapite:
567 1289 660 1366 ituit,
681 1307 748 1356 carn
764 1294 812 1356 ira
831 1294 971 1358 meritum
986 1311 1016 1357 rr
1031 1306 1081 1374 tl,

61 1389 156 1463 caput
166 1371 202 1459 st
223 1375 293 1438 νίνο
308 1392 368 1438 narr
381 1371 566 1452 dricturam.
610 1371 676 1440 His
692 1373 834 1454 audiris,
858 1375 992 1443 decrerit
1017 1395 1089 1442 ertu·

64 1477 138 1539 aar,
160 1473 194 1523 ar
217 1457 355 1522 riderent
376 1455 529 1541 consules,
558 1475 596 1524 nt
616 1459 691 1543 quid
705 1456 784 1545 resp.
809 1459 985 1528 detrimtnrr'
999 1474 1087 1545 cape·
1224 1512 1225 1522 ,

57 1558 124 1614 rtt.
170 1539 259 1607 Haut
281 1537 405 1626 sumpta
429 1538 501 1610 sunt
525 1559 544 1605 a
566 1539 763 1608 Mureniana.
805 1541 905 1624 Jaari
940 1559 1089 1612 turcum

64 1622 226 1702 Asconius
236 1625 341 1722 dicat,
362 1623 466 1707 diem,
481 1644 548 1709 quo
562 1625 639 1690 haec
652 1625 756 1693 habita
770 1625 874 1693 oratio
887 1561 953 1707 eff,
969 1643 1091 1696 acorn-

63 1710 157 1782 rniasa
176 1707 359 1788 consulibua
382 1727 447 1794 rep.
467 1709 755 1778 duodevicesimam
779 1707 895 1800 fuitse:
916 1709 1088 1798 proftdio,

66 1795 181 1882 fiquir
194 1793 482 1863 rarionamdieruur
496 1795 600 1876 ineat,
621 1795 757 1876 videbit,
778 1788 1092 1877 eanr‚utnor‘dixi·
1233 1845 1236 1856 .
1302 1786 1308 1822 ”

70 1899 167 1961 mua,
187 1877 323 1944 habitam
343 1877 401 1944 vl.
421 1878 465 1945 id.
485 1877 648 1946 Novemb.
667 1879 727 1947 hac
743 1895 849 1949 autern
862 1881 894 1948 in
907 1897 997 1968 parte
1012 1883 1092 1951 aliua

72 1983 146 2034 rum
166 1978 266 2030 trtata
278 1923 422 2047 perloqui
440 1963 536 2048 piget.
849 1979 853 1989 ·

110 2048 192 2117 arte
213 2052 248 2113 r'n
267 2046 391 2280 drmit}
407 2047 547 2113 colletlo
560 2047 591 2114 in
607 2047 732 2117 Etruria
745 2043 898 2121 trtrciru.
1036 2066 1040 2074 ·

115 2133 203 2200 lliar'
217 2149 273 2216 ego
285 2131 362 2196 idern
408 2131 458 2198 rili
482 2147 560 2211 unt,
583 2148 618 2198 ur
634 2133 888 2219 opinor,diebua
904 2128 1088 2219 interitura

112 2215 155 2282 lat
173 2227 245 2312 artie
266 2215 342 2279 ditm
394 2265 401 2278 .
419 2151 618 2314 Cnidon]
641 2217 677 2284 ln
698 2235 793 2304 quern
810 2219 915 2298 dienr,
938 2235 974 2284 ur
990 2221 1092 2302 conjl·

65 2301 153 2382 clo,
172 2295 404 2366 ddata-futrant
416 2301 556 2370 comitia.
1089 2334 1091 2342 ·

113 2386 193 2450 Crun
220 2383 310 2450 mulli
331 2385 483 2468 principer
504 2381 660 2471 ciuitatis]
682 2383 789 2458 Unum
814 2382 912 2452 exiis
925 2377 1023 2450 fuisse
1040 2379 1091 2451 su·

69 2469 184 2556 spicor
212 2465 264 2533 M.
295 2463 452 2534 Crassiani.
478 2487 550 2536 curn
568 2471 650 2556 enirn
669 2469 824 2556 Catilina,
843 2467 1092 2551 marsinam,

70 2557 306 2632 admonuerat,
327 2565 363 2618 ut
388 2571 428 2618 ex
452 2549 745 2622 urbe'discederatt
763 2569 905 2639 magnam
926 2553 1009 2619 eninr
1022 2565 1094 2618 cae·

67 2641 144 2708 dem
172 2634 261 2703 fore.
283 2654 359 2722 quaa
372 2636 491 2704 litteras
500 2685 512 2719 ‚
536 2657 594 2704 una
609 2657 683 2704 curn
697 2639 764 2705 aliia
778 2639 892 2705 errdcnr
907 2651 1093 2724 argumento

66 2725 111 2793 ad
133 2722 216 2790 alitia
230 2719 373 2805 scriptia,
392 2719 589 2789 C‘raasua'M.
609 2719 787 2811 Marcella,
809 2725 841 2791 du
855 2721 1003 2806 Scipione
1020 2717 1096 2787 Me·

69 2808 153 2876 tello
175 2807 364 2885 comitatur,
385 2805 568 2890 intempesta
585 2807 645 2890 jann
671 2807 767 2874 nolle
788 2807 826 2872 ad
842 2804 1032 2878 Ciceronum
1047 2819 1094 2874 at·

68 2893 171 2964 tulit:
187 2905 225 2958 ut
243 2891 274 2956 dt
292 2885 586 2976 illatarrdrnontrct
605 2889 745 2959 instantia
806 2885 915 2971 rituli,
941 2891 973 2956 dt
994 2887 1027 2955 ie
1043 2885 1094 2958 su·

70 2977 214 3062 spiciunt
229 2971 431 3054 exsolveret,
450 2973 480 3040 in
500 2993 590 3058 quarn
610 2992 740 3074 propter
807 2975 913 3042 tilinac
931 2971 1096 3041 familiari-'¹

69 3072 172 3128 tatem
188 3071 330 3125 venerat.
374 3057 437 3124 Eat
454 3071 568 3126 ornnea
583 3055 908 3145 thcropullriaiein
926 3056 1094 3125 senarure·
1168 3107 1175 3114 .

64 3145 208 3216 citavit..
234 3142 359 3214 aanor
374 3141 579 3221 Plutarchus,
593 3143 647 3228 qui
667 3139 899 3226 ineofaliitur,
919 3143 1006 3228 quod
1024 3155 1097 3210 tuna

66 3231 198 3297 detnunr
221 3225 398 3296 mandatam
411 3223 591 3294 consulibus
607 3243 704 3312 rarnp.
720 3241 821 3312 putat.
1044 3277 1047 3286 .

108 3313 265 3384 Narrant
276 3309 332 3394 sur·
345 3305 562 3399 trasmundi]
577 3329 642 3381 non
658 3325 721 3378 tarn
734 3303 981 3398 properium,
996 3323 1090 3397 quarn

172 3415 206 3462 er
222 3411 258 3462 rt
293 3391 463 3462 ‚salutenu
875 3438 881 3452 ,

66 3412 205 3578 Ἔα
218 3396 291 3548 wlnp
304 3493 335 3544 rr
352 3471 534 3578 Praeneste]
558 3475 629 3547 Hac
643 3479 684 3546 dc
698 3493 733 3547 re
747 3477 843 3562 nihil,
864 3475 1091 3570 quodquidam

62 3566 292 3644 namnetim,
310 3563 351 3630 ab
366 3561 689 3649 ltrlioncr'aproditunr
709 3563 782 3631 est.·
1096 3591 1102 3611 ·

104 3649 213 3722 Nilar'l
230 3653 319 3736 agir,
339 3643 571 3726 nihllrnalr'rr'n
594 3647 677 3716 nihil
693 3640 826 3736 cogitur]
842 3642 936 3738 Quali
951 3661 1012 3734 per
1020 3661 1088 3734 gra·

62 3741 129 3807 dua
155 3735 238 3804 haec
258 3733 297 3802 ad
319 3732 372 3814 id,
390 3731 479 3818 quod
499 3732 653 3800 summurn
672 3732 738 3810 eli,
757 3733 957 3832 progreditur
970 3735 1095 3807 oratiu.

63 3837 225 3906 magnum
243 3816 290 3888 est
312 3811 417 3898 urim,
438 3817 590 3903 quicquid
606 3833 675 3903 agat
692 3815 847 3898 Catilina,
868 3815 1094 3884 suntcredo«

64 3921 167 3976 namt
191 3899 315 3986 malus,
337 3900 491 3988 quicquid
511 3900 679 3984 moliatur:
700 3902 794 3989 lunge
809 3904 978 3970 martinum
996 3913 1096 3982 vcro,

61 3986 398 4079 'mmm
626 4039 725 4138 'lin
1013 4058 1100 4156 Quod
