2774 4900
234 383 289 434 ru
328 363 625 432 Carnutum
667 359 952 434 Contrane.
1050 377 1111 456 765

131 522 286 590 Flumina.
331 479 335 483 -
374 521 528 603 Ovidius,

132 609 263 674 Cadmus
283 610 350 692 ogit
371 621 497 691 grates,
515 605 758 693 peregrlnoeque
781 603 880 692 osculo
896 617 1000 674 terroe

130 693 242 780 Figit,
266 693 303 766 ld
319 699 439 778 ignotos
455 703 647 776 montesque,
668 710 819 778 agrosque
827 689 962 778 solutor.
1094 723 1099 730 Δ

82 823 113 888 dr
139 823 266 907 quidam
285 821 367 908 apud
381 821 611 904 Menandrum,

175 957 271 1040 Xaip',
293 953 314 1022 α’
334 961 403 1036 φίλη
423 985 474 1036 po,
493 953 539 1016 liri
558 956 637 1040 “aba
659 959 741 1018 aas
758 959 786 1030 ς’
807 947 865 1022 lli·

81 1083 275 1166 Αηέζομ.
297 1079 453 1150 &servus
468 1081 595 1168 quidam
612 1079 776 1148 Plautinus
794 1128 804 1158 ,
826 1079 1055 1164 Bacchidibus,

173 1213 297 1282 Herilr‘t
317 1221 426 1302 patrio
437 1215 544 1302 solut,
567 1234 657 1301 quom
671 1235 726 1301 ego
744 1219 863 1282 biennio

173 1297 336 1387 Postquam
358 1307 392 1368 itt
410 1300 562 1388 Ephesum
582 1305 668 1382 obli,
689 1297 838 1386 conspicio
856 1299 972 1368 lubens.

84 1411 120 1478 dt
140 1412 220 1480 alter
238 1413 271 1479 in
293 1413 404 1482 Sticho
415 1459 427 1496 ,

173 1531 296 1596 Salvere
317 1499 579 1612 Arbenorsquoe
601 1529 736 1594 nutricet
760 1529 924 1598 Graeciae.

175 1616 206 1681 Ο
229 1629 314 1680 terro
336 1615 446 1680 herilis
464 1615 592 1698 putria,
613 1625 642 1676 te
665 1615 751 1680 uideo
773 1616 889 1684 lubens.

130 1779 252 1862 Lydiae
280 1777 527 1866 tatarorum]
556 1778 654 1846 undas
682 1781 797 1851 Benaci
830 1781 947 1869 Lydios
976 1799 1116 1850 vocata

85 1865 291 1933 similitudine
303 1865 458 1950 quadam:
478 1881 549 1930 narn
571 1878 605 1930 ut
623 1863 790 1950 Padolur,
812 1867 855 1933 ita
878 1871 1020 1935 Benacus
1036 1887 1114 1953 quo·

84 1969 154 2034 que
176 1970 282 2018 aureas
308 1967 417 2016 arenae
436 1947 571 2014 volvere
593 1948 728 2017 dicitur.
763 1951 960 2020 surrectioni
992 1951 1023 2017 t
1045 1957 1112 2018 dior

83 2051 187 2102 vocat
215 2032 421 2104 Etruscorum
445 2033 559 2102 ditioni
581 2030 735 2118 subditae,
768 2037 853 2123 quod
872 2057 890 2104 a
908 2037 1006 2126 Lydis
1019 1976 1115 2106 littu-

82 2118 132 2186 sci
152 2121 305 2207 originem
324 2121 455 2186 ducunt.

163 2314 304 2371 *an
368 2298 957 2372 IPSITHILI.AM.

2 2527 9 2536 ,
127 2423 322 2548 Mutata]
345 2461 495 2545 antique,
514 2477 574 2546 pro
589 2460 704 2528 oldut.

227 2599 313 2712 ru¹
385 2637 984 2712 VlBENNiOS:

129 2801 161 2870 0
182 2799 291 2882 sarum
320 2803 430 2886 optima
447 2801 687 2870 balneariorum.
737 2797 828 2881 fures
856 2801 1028 2870 balnearios
1053 2825 1114 2873 vo·

80 2887 219 2968 cabant,
241 2889 295 2974 qui
311 2884 464 2970 surripere
485 2885 622 2955 solerent
641 2905 684 2953 ve
711 2889 826 2951 imenta
847 2905 977 2970 eorum,
998 2889 1051 2976 qui
1067 2891 1109 2956 la·

78 2986 194 3038 vatum
220 2971 340 3038 ierant.
369 2969 401 3036 hi
424 2986 528 3037 autern
548 2972 671 3057 capitoli
692 2969 846 3056 supplicio
866 2971 1107 3054 afficiebantur;

82 3076 159 3122 cum
184 3057 299 3124 ceteris
317 3055 403 3132 dupli
433 3069 554 3123 tantum
575 3075 676 3142 poena
702 3055 863 3140 proposrta
888 3056 994 3124 esset.
1017 3061 1107 3143 qu'uo

80 3141 129 3209 rei
147 3142 261 3208 multas
278 3137 399 3208 caussas
413 3140 516 3206 reddit
531 3139 717 3210 Aristotelea
737 3141 769 3206 in
786 3140 1000 3226 problematis.
1044 3145 1112 3213 l’ri·

84 3245 201 3309 mum,
227 3228 313 3326 quod
332 3223 517 3326 facillimum
541 3225 585 3291 est
607 3227 639 3292 in
657 3223 774 3323 balneis
791 3224 908 3292 furari.
931 3240 1047 3313 quare,
1068 3249 1111 3297 ne

83 3307 619 3493 ttuutltfffitttbbttlt
637 3327 784 3480 {biii
798 3311 1109 3493 bilbilis&

82 3481 211 3564 majoris
230 3497 351 3566 poenae
369 3495 501 3547 metum.
543 3479 688 3557 Deinde,
719 3477 740 3544 sr
762 3495 832 3560 qurs
849 3495 938 3548 tuum
957 3484 1072 3568 aliquid
1089 3505 1108 3552 e

84 3566 184 3632 domo
205 3581 259 3651 tua
279 3565 479 3651 surripuerit,
504 3566 567 3648 jttm
595 3580 668 3644 tua,
696 3579 847 3646 exparte
873 3565 994 3650 aliqua,
1015 3569 1110 3655 culpa

85 3647 152 3730 cst3
180 3651 233 3737 qui
255 3670 320 3718 non
337 3647 389 3716 vel
408 3646 495 3716 fores
514 3649 705 3730 occluserit,
724 3645 776 3712 vel
791 3668 923 3734 quoquo
941 3653 1107 3738 modopa·

83 3751 155 3801 rum
179 3737 236 3802 tibi
263 3733 420 3822 spectatae
445 3732 519 3810 fidei
548 3734 708 3800 hominem
733 3731 854 3800 aedium
878 3749 999 3802 tuarum
1022 3739 1109 3806 aditu

80 3818 301 3904 prohibueris.
329 3837 362 3884 at
390 3817 576 3900 balneator,
604 3819 703 3898 velit,
733 3816 834 3899 nolit,
857 3837 967 3888 ornnes
986 3821 1106 3889 inedi-

79 3903 229 3972 scrirnine
252 3907 282 3972 in
305 3904 442 3972 balineas
463 3903 605 3990 recipere
626 3903 770 3986 cogitur.
796 3905 911 3970 merito
935 3907 1030 3992 igitur
1054 3909 1106 3976 lex

79 3989 153 4074 plus
175 3991 203 4060 ei
226 3991 297 4080 opio
320 3987 434 4060 afferre
451 3989 573 4063 debuit.
613 3974 732 4070 lidde,
754 3990 864 4076 quod,
886 3991 940 4077 qui
965 3993 1106 4142 coovsitti

1054 4095 1108 4146 unt
