2738 4910
120 329 319 474 ,¹83²
459 379 516 450 M.
592 382 633 451 A.
711 377 1070 450 bluntrr‘

254 541 354 612 sont?
373 539 482 607 'Mirari
498 539 593 626 igitur
605 557 670 606 non
692 537 851 604 immerito
864 537 960 623 porlit
980 537 1115 624 aliquis,
1136 553 1193 602 eur
1205 537 1276 604 Ari·

122 673 125 682 ‚
252 625 382 696 stoteles
407 625 451 691 lib
481 643 555 690 vrr.
581 623 805 701 Politicorum,
836 631 974 690 utnunc
989 622 1116 708 quidem
1138 619 1209 688 libri
1229 623 1273 689 illi

246 711 403 780 collocari
420 707 540 776 solent:
564 709 638 775 mihi
662 707 746 774 enirn
762 707 890 774 dubium
906 723 970 773 non
990 706 1057 783 est,
1082 706 1157 789 quin
1180 726 1274 791 quar·

253 815 307 864 tus
329 795 411 862 liber
423 794 480 868 fit,
503 790 557 876 qui
576 791 676 877 vulgo
693 807 874 858 numeratur
890 789 1062 873 septimus:
1092 790 1219 858 sedeur
1239 792 1272 858 in

238 901 294 946 .eo
324 881 426 957 libro,
453 877 707 962 quotuscumque
733 877 856 942 tandem
883 874 938 940 ille
960 873 1026 953 srt,
1059 875 1209 941 obversas
1229 875 1270 943 ad

252 967 385 1034 Boream
404 960 632 1042 habitationes,
651 961 788 1045 aptiores
808 959 876 1026 erle
897 960 983 1026 dicat
1006 959 1043 1025 ad
1060 959 1271 1028 biemandum.

252 1048 431 1118 Nemeum
460 1047 599 1111 omnium
625 1043 836 1112 saluberrimas
861 1043 928 1109 esse
955 1042 1083 1110 dixisset
1114 1055 1164 1110 eas
1188 1061 1270 1126 quae

253 1133 415 1216 excipiunt
439 1149 496 1196 eos
520 1145 635 1196 tentos
651 1133 705 1215 qui
726 1130 766 1196 ab
795 1129 926 1217 Oriente
948 1127 1041 1206 liant,
1063 1126 1163 1194 statim
1180 1126 1273 1194 subi·

252 1219 320 1284 cit:
351 1217 462 1298 ilu‘meet
488 1217 506 1297 ᾖ
535 1214 604 1290 μ’
624 1219 732 1296 tepla.
760 1213 899 1292 siguinum
916 1213 956 1294 ᾧ
976 1211 1069 1274 airu·
1110 1219 1190 1277 'noh
1227 1147 1273 1278 it

257 1301 442 1384 quomodo,
462 1297 483 1365 li
499 1297 688 1385 Aquilonem
703 1296 904 1382 spellebunt,
925 1295 1050 1361 futurae
1062 1240 1134 1362 lime
1150 1297 1273 1369 tuna?

253 1385 353 1453 Tales
370 1399 496 1461 autem,
519 1399 555 1446 ut
570 1399 610 1455 ex
630 1383 854 1450 ('=economicis
873 1381 1055 1461 retulimus,
1079 1379 1182 1448 hieme
1204 1377 1271 1446 esse

254 1481 405 1554 oportet:
428 1465 478 1532 sed
499 1484 563 1532 non
581 1465 716 1548 dubito,
738 1465 812 1551 quin
835 1465 889 1531 ubi
911 1467 1023 1551 legitur
1043 1467 1206 1545 regumn,
1228 1463 1277 1532 le.

254 1553 391 1642 gendum
414 1551 452 1618 srt
473 1550 703 1634 reulum-quod
725 1567 797 1617 eum
824 1569 879 1634 per
897 1568 948 1626 me
965 1547 1134 1634 sulpiearus
1147 1545 1272 1630 ason,

253 1638 351 1724 magis
366 1635 461 1700 etiam
475 1633 678 1718 confirmatus
697 1634 761 1702 sum
780 1636 811 1700 in
828 1633 998 1712 sententia,
1026 1651 1098 1700 cum
1128 1647 1272 1702 veterem

252 1725 456 1803 interpretem
493 1717 604 1784 eodeni
639 1721 734 1786 modo
764 1715 873 1804 legisse
905 1715 1119 1792 animadverti.
1166 1716 1276 1785 Vertit

254 1804 337 1872 enim
360 1807 550 1890 recentiores.
592 1805 671 1870 Sunt
691 1819 794 1870 autem
814 1805 914 1880 ω’ὅιμι
935 1811 1056 1882 pantu,
1082 1801 1210 1868 altiores
1237 1803 1274 1872 be

253 1887 454 1958 salubriores:
477 1885 585 1972 quales
601 1885 669 1954 esse
688 1906 770 1972 quae
796 1887 986 1971 Aquilonem
1011 1885 1179 1968 excipiunt.
1210 1881 1276 1953 'st-

254 1973 326 2054 quis
340 1970 427 2037 forte
443 1971 588 2048 dubitat,
618 1972 721 2037 audiat
745 1973 841 2037 verba
865 1971 1013 2040 Varronis
1032 1970 1144 2036 elibro
1164 1971 1276 2052 primo

255 2059 312 2129 De
326 2077 361 2123 re
379 2055 508 2122 rustica:
534 2055 699 2138 Permrgm'
721 2054 864 2156 interest,
882 2061 942 2123 ‘ult'
954 2054 1019 2139 fiat
1031 2053 1278 2140 pefitnevr'llee,

156 2195 160 2211 .
255 2154 389 2230 quantur
405 2138 490 2219 fini,
513 2139 713 2224 quospelient
736 2143 925 2227 porticibus,
956 2139 1037 2224 ostiis
1057 2159 1091 2203 oc
1108 2133 1276 2221 fenestris.

257 2230 374 2298 Annon
399 2225 453 2292 ille
476 2224 686 2309 Hippocrates
712 2227 851 2293 medicus
884 2226 915 2292 in
941 2243 1049 2323 magna
1069 2221 1277 2308 pestilentia,

255 2331 321 2380 non
348 2330 443 2378 unum
466 2328 590 2394 agrum,
622 2310 676 2377 sed
702 2314 797 2378 multa
823 2311 937 2395 oppida
960 2309 1088 2376 seientia
1103 2305 1276 2376 servavit?

256 2397 317 2466 Sed
332 2395 408 2480 quid
419 2413 480 2480 ego
494 2395 582 2460 illum
599 2415 684 2462 voco
700 2396 736 2462 ad
755 2395 991 2464 testimonium?
1012 2393 1089 2460 Non
1107 2391 1159 2460 hie
1169 2392 1276 2460 Varro

255 2481 382 2573 noller,
403 2499 475 2546 eum
497 2478 658 2566 Corcyrae
674 2479 755 2547 esset
776 2482 933 2548 exercitus
947 2495 985 2546 ae
1003 2477 1126 2558 elnslis,
1150 2479 1180 2544 ἂ
1200 2495 1272 2543 orn·

255 2585 313 2631 nes
329 2565 442 2638 domus
460 2563 598 2646 repletae
615 2562 717 2631 essent
734 2567 869 2652 aegrotis
885 2583 921 2631 ae
941 2559 1127 2640 funeribus,
1150 2561 1271 2628 immis-

257 2648 293 2715 so
315 2645 456 2740 fenestriq
474 2649 566 2712 novis
589 2649 765 2733 Aquilone,
796 2647 1014 2716 &obstrutlls
1035 2644 1277 2730 pestilentibus,

254 2731 1066 2888 tuttelstet-¹illrniiltlmltlittrlt
1081 2730 1277 2818 ‘mimi'

585 2995 788 3066 Curua
848 2999 944 3068 XV.

298 3149 483 3216 Himeraeae
511 3149 649 3214 mulieris
678 3149 713 3214 de
747 3149 891 3237 Dionyfio
930 3164 1060 3233 turrano
1084 3147 1236 3229 ¹sertertium

340 3237 437 3302 eodem
455 3247 549 3318 prope
572 3235 656 3302 strutio
681 3236 797 3300 Graece
820 3257 838 3298 rt
861 3236 990 3318 ‘l't'trtq‘t'n
1006 3257 1064 3322 que
1079 3237 1196 3302 Latine

600 3319 776 3386 oiseleria
795 3322 935 3386 relatum.
992 3355 1017 3371 ·-

255 3403 398 3556 Nori
419 3487 560 3554 inutilem
579 3489 720 3576 studiolis
743 3488 941 3574 elegantioris
961 3490 1124 3558 doetrinae
1143 3493 1290 3562 navavit

253 3592 382 3656 operam
398 3572 592 3638 Sebastianus
610 3573 785 3654 Corradus,
806 3579 859 3656 qui
875 3575 1025 3640 brevibus
1046 3576 1131 3641 notis
1151 3576 1191 3640 ad
1213 3575 1292 3642 Va·

253 3661 322 3726 lerii
349 3657 479 3722 Maximi
505 3655 601 3723 libros
624 3657 762 3727 additis.
798 3659 928 3724 aliorum
948 3659 1135 3743 scriptorum
1162 3659 1297 3743 locos,

253 3743 338 3809 unde
352 3741 404 3806 ille
422 3741 536 3824 singula
553 3741 713 3825 sumplisle
727 3741 908 3822 uideretur,
929 3759 984 3808 aur
998 3761 1088 3809 certe
1107 3745 1139 3810 in
1161 3744 1298 3828 quibus

253 3829 362 3893 endem
383 3825 507 3892 historia
524 3826 698 3910 legeretur,
720 3827 883 3892 indicavit·
927 3829 1030 3896 Pauca
1049 3843 1155 3894 autem
1182 3847 1301 3912 quae·

254 3914 324 3978 dam
339 3909 497 3994 reliquit,
512 3929 593 3994 quae
610 3914 691 3976 unde
705 3911 826 3994 sumpta
845 3911 968 3996 essent,
991 3910 1201 3997 pervestigare
1212 3933 1299 3986 non

251 4011 418 4086 potuerat:
439 3995 621 4085 qualeillud
636 3995 780 4084 estquod
795 3995 876 4067 libro
893 3997 996 4084 primo
1013 3997 1128 4084 legitur
1143 3997 1185 4064 de
1195 3998 1302 4096 sorra·
