2776 4920
204 360 335 432 Van.
381 349 565 426 Lacr.
623 351 950 456 Lau.'³'XVIII.
1032 379 1098 446 459

17 519 20 531 ’
74 509 319 604 re.p'n'ncipem
330 510 453 598 legibue
465 509 602 580 solutum
613 509 1133 599 esse,&,ua1ere1Jussrsinter..

98 606 220 686 retibus
238 599 425 688 quibusdam
448 599 547 664 nimio
565 597 710 664 acumine
731 596 891 678 molestie,
911 603 966 686 qui
979 604 1099 674 ditium
1190 657 1193 671 .

70 690 152 760 riiud
174 707 239 756 oon
257 703 322 752 tam
337 685 401 750 iate
415 691 540 767 patere,
555 680 614 750 *sed
632 683 673 748 de
688 696 782 750 certo
797 681 932 767 quodam
945 685 1097 756 duntaxat

69 779 179 861 legum
199 787 315 857 genere
335 768 439 852 accipi
465 768 602 844 volunt,
624 765 700 854 ipsi,
719 782 756 832 ut
772 765 858 851 leger
869 769 1007 837 condere
1018 773 1096 848 ,uita

71 861 158 946 leger
171 854 404 940 interpretari,
420 851 509 920 suum
523 851 764 932 ersedicentes,
784 853 928 922 omnibus
942 852 978 921 ‘se
991 857 1023 922 dt
1039 855 1100 920 hu·

70 944 172 1012 manis
190 943 221 1008 dt
239 939 352 1010 diuinis
366 937 489 1022 legibue
503 933 643 1007 solvunt.
672 935 779 1020 Atque
797 952 833 1002 ut
851 936 1008 1006 Homerus
1022 943 1098 1006 asiis

74 1027 231 1094 uocabulis
257 1028 306 1090 rui
320 1021 548 1102 *homines-ait,
569 1025 644 1088 asiis
664 1021 752 1086 deust
775 1019 819 1086 ita
832 1020 880 1088 isti
903 1021 1028 1092 humani
1061 1043 1100 1092 o.

75 1131 154 1190 res,
182 1107 248 1175 aiio
267 1108 337 1190 jure
358 1107 438 1174 alim
456 1109 505 1172 uti
523 1104 657 1190 iubent,
681 1103 745 1170 aiio
766 1119 900 1172 utuntur
912 1109 980 1192 ipsi.
1055 1126 1094 1176 ec

74 1198 185 1264 cadem
206 1191 278 1261 sunt
295 1191 463 1258 earundem
489 1208 592 1258 rerum
608 1189 775 1260 vocabula.
798 1187 890 1292 Quae
906 1192 1003 1278 vulgo
1015 1192 1103 1278 scer.

76 1287 228 1358 rationes,
247 1277 425 1358 adustum,
449 1279 598 1373 rapinae,
622 1275 725 1342 caeder
741 1275 894 1342 nominari
909 1273 1029 1346 solante
1049 1297 1101 1344 ea·

76 1368 149 1436 dem
169 1381 188 1431 a
208 1361 393 1445 quibusdam
415 1358 545 1428 admissa
553 1365 569 1443 ,¹
584 1361 688 1440 iudos,
708 1378 843 1437 amores,
865 1359 1013 1443 delicias,
1034 1364 1100 1432 &a

74 1455 237 1538 magnoac
250 1443 512 1513 cantuaritarum
527 1443 673 1511 insolenti
695 1441 800 1509 animo
823 1441 987 1526 profestos
1006 1447 1102 1512 aluo·

75 1554 129 1602 ruer
156 1531 264 1598 vocari
288 1531 402 1596 videte.
445 1529 547 1596 silent
558 1530 651 1596 inter
668 1525 722 1594 isia
736 1527 866 1594 miserae
880 1529 985 1616 legent
1006 1531 1056 1611 dt,
1077 1529 1102 1599 sa

80 1619 166 1686 maso
180 1633 297 1682 cavere
313 1614 434 1693 velint,
454 1612 540 1698 ipsae
555 1629 685 1698 quoque
698 1625 820 1678 tantum
835 1630 902 1680 non
914 1629 969 1681 eut
984 1612 1101 1681 nruusa·

75 1721 135 1780 re,
159 1715 213 1767 aut
235 1697 351 1766 adulari
375 1698 536 1781 jubentur.
575 1695 660 1764 Nam
680 1715 719 1762 ur
738 1697 778 1762 ad
796 1695 927 1784 Olympi
949 1715 1103 1767 cacumen

78 1787 190 1862 venti,
210 1781 255 1852 tic
268 1783 308 1850 ad
324 1779 446 1852 excelsa
463 1784 494 1850 dt
509 1782 540 1849 in
555 1779 678 1848 sublimi
692 1779 793 1866 posita
811 1781 897 1866 legen
908 1777 1104 1869 non'pcruc·

81 1871 183 1940 niunt.
224 1867 342 1954 Neque
368 1882 472 1966 tamen
497 1868 695 2016 nequierirn,
715 1865 737 1932 o
760 1865 850 1964 princ
920 1861 979 1950 fit,
1000 1869 1102 1957 quasit

84 1955 153 2023 esse
172 1953 296 2034 debet,
333 1953 427 2020 nuliis
450 1970 521 2018 cum
562 1951 671 2036 egrbns
697 1965 808 2016 tenera
929 1967 994 2018 rtet
1017 1955 1101 2022 enim

76 2037 361 2136 principemomni
382 2037 503 2102 virtute
523 2037 618 2120 ionge
633 2055 671 2102 ac
692 2035 826 2102 muitum
847 2033 937 2120 supra
959 2037 1101 2106 usitatam
1168 2102 1170 2108 ,

83 2123 343 2192 consuetudinem
363 2117 541 2189 excellere:
572 2137 608 2186 ut
630 2134 780 2273 (boantum
798 2120 881 2186 inter
895 2119 1048 2204 pastorem
1069 2125 1101 2190 dt
1237 2173 1241 2188 .
1325 2189 1328 2197 ,

281 2289 287 2304 ⁸
525 2289 532 2302 ι
663 2203 743 2272 ·fleri
756 2202 883 2302 potest,
902 2202 987 2302 ⁸inter
1002 2205 1104 2305 pasto.

80 2285 1104 2469 auretinntuurtnusst,artant,st

76 2206 225 2298 pecudea
238 2203 383 2285 interest,
405 2205 608 2285 tantundem,

76 2461 145 2546 cipi
166 2465 277 2544 parer'e
287 2503 299 2539 ,
316 2475 405 2542 quam
422 2460 541 2544 iegibus
562 2459 649 2524 omni
667 2456 802 2522 humano
816 2455 947 2524 consilio
961 2457 1103 2526 adhibite
1218 2435 1221 2442 ’

77 2544 193 2633 positis
209 2541 384 2630 gubernari.
415 2540 518 2628 Leges
529 2543 611 2608 enim
626 2555 786 2608 unaunce
799 2553 953 2626 perpetuo
969 2541 1105 2628 loquun-
1141 2601 1148 2622 ,

79 2647 151 2696 tur:
179 2643 213 2694 at
237 2627 340 2694 bonus
364 2626 594 2712 princeps-,sese
616 2627 654 2693 ad
673 2625 858 2693 varietatem
888 2624 1037 2706 casuum,
1064 2641 1104 2694 ut

78 2711 154 2780 nsua
180 2709 315 2811 poscit,
343 2711 575 2780 accommodae.
620 2710 708 2794 Lege
736 2711 843 2796 itaque
867 2708 945 2776 nihil
965 2711 1027 2778 indi
1050 2725 1102 2793 et,

79 2817 154 2865 cum
178 2797 245 2882 rpse
267 2795 340 2860 viva
360 2794 540 2882 spinamque
565 2796 615 2862 ier
632 2795 686 2860 sit:
706 2791 840 2880 &japsa
856 2795 952 2876 legent
973 2808 1012 2876 pc
1038 2809 1102 2862 tom

83 2902 142 2947 uun
164 2879 250 2967 erse,
274 2881 368 2945 etiam
381 2879 452 2946 iibri
472 2881 538 2959 iiii,
554 2897 571 2945 a
587 2881 702 2966 quibua
718 2879 820 2945 omnis
835 2878 989 2946 mendacii
1009 2877 1105 2965 suipi-
1228 2904 1238 2912 ·

77 2967 130 3032 cio
155 2963 363 3033 remotissima
378 2962 461 3044 esi,
478 2965 606 3030 docent.
649 2963 691 3030 At
716 2962 863 3046 improbo
888 2963 1105 3052 &tyrannico

78 3050 155 3117 uiris
172 3051 278 3117 minus
297 3047 448 3128 expedit,
469 3067 560 3132 quam
577 3047 696 3132 legibus
711 3045 847 3114 solutum
861 3043 937 3114 erse.
963 3049 1007 3115 i't
1019 3051 1103 3116 enim
1188 3053 1193 3059 ’

78 3133 203 3202 maone
224 3133 303 3201 utile
317 3131 366 3200 est
380 3133 497 3230 aiiigari
506 3175 517 3210 ,
540 3133 614 3200 &in
632 3131 759 3198 manicis
773 3149 811 3202 ac
827 3127 1033 3217 'compedibus
1050 3135 1104 3198 ha·

79 3219 174 3300 beri,
201 3237 268 3286 non
296 3233 332 3283 ut
352 3215 623 3302 renprscanr‚·sed
648 3230 683 3281 nt
705 3217 806 3282 minue
827 3217 903 3298 sibi,
924 3217 1106 3284 minutniiie

33 3351 38 3361 .
80 3319 238 3371 noceant:
261 3305 303 3367 ita
318 3315 452 3387 tyranno
470 3302 524 3402 ips
542 3301 621 3367 utiie
639 3299 702 3380 est,
727 3300 831 3386 legum
851 3301 986 3368 vinculis
1000 3301 1107 3371 adstri-
1212 3372 1216 3380 ,

81 3387 172 3453 (turn
183 3387 283 3454 teneri
295 3403 334 3450 ac
349 3393 512 3467 coartor,
532 3405 596 3453 non
612 3403 678 3470 quo
693 3383 883 3466 bonus-fiat,
901 3387 1102 3471 nequeenim

76 3459 207 3558 potesta
229 3470 283 3538 sod
305 3483 342 3538 ut
356 3469 416 3538 iilia
428 3470 512 3557 quan
532 3469 682 3537 cancellis
699 3487 737 3535 uc
751 3469 1106 3621 repaztlisconclusne,

12 3613 17 3622 .
76 3557 212 3626 rabiem
226 3555 310 3623 suam
336 3553 458 3624 minore
482 3557 599 3622 damno
624 3554 809 3636 dt'alior'urn
871 3552 928 3622 su'o
944 3571 1104 3623 exerceat.

75 3642 175 3708 Haec
191 3639 404 3725 disputantem
426 3639 591 3708 Platonem
616 3637 793 3725 Dionysiae
811 3637 921 3722 iniquo
936 3637 1041 3707 animo
1056 3655 1109 3707 tu·

71 3727 127 3792 iit:
172 3723 247 3792 Nec
266 3725 392 3792 mirum.
416 3723 479 3792 Ut
500 3727 584 3792 enim
606 3723 744 3808 pudicae
761 3722 1107 3810 mulieres-quamlibet

68 3807 178 3878 muita
204 3808 353 3878 adversita
377 3809 606 3894 impudicitiam
631 3807 827 3893 dicineum
850 3809 955 3876 animo
981 3806 1109 3876 semna:

70 3893 281 3978 impudicae,
310 3893 463 3982 quidquid
487 3895 529 3962 de
555 3909 628 3962 toto
651 3905 766 3978 genere
790 3891 931 3973 diuersa,
957 3893 998 3960 ad
1022 3891 1108 3960 suern

68 3979 209 4074 proprie
223 3981 449 4054 contumeliam
469 3979 627 4069 pertinere
643 3977 849 4052 arbitrantur:
870 3980 915 4048 ita
928 3977 1005 4050 boni
1020 3977 1108 4062 priu-

1018 4062 1106 4149 cipee
1136 4137 1139 4142 .
1255 4164 1259 4175 Ι
