2802 4920
256 345 329 426 :5⁹²
404 407 407 414 .
479 315 533 390 M.
618 313 1111 404 llfMunlt‘rtg

263 541 267 549 .
299 477 490 574 Depiriptu}
526 476 712 559 distribute,
751 476 866 546 divisa.
903 488 939 542 ut
972 473 1015 544 V.
1045 475 1078 544 in
1104 472 1301 566 Antonium}

263 571 403 666 Quorum
431 567 562 648 ippnrnm
587 570 685 638 bono.
718 579 893 648 quantacun
916 580 951 627 ue
981 573 1095 642 erunt,
1106 560 1302 650 siutimsoit

263 657 446 730 comitibus,
468 654 745 734 compotoribusque
765 583 930 733 descripsit.

300 735 425 820 Donni]
450 731 538 801 Libri
563 749 713 812 veteres,
735 733 850 798 edocui.
1281 782 1286 794 .

257 827 261 836 '
299 825 372 888 Com
396 819 609 905 ourttioretor]
642 815 741 884 iidem
772 801 842 882 libri
868 818 979 882 omnes
1006 813 1045 882 od
1075 833 1203 898 unuin,
1234 838 1299 884 curn

259 921 427 976 lineretur.

305 993 378 1058 Cum
391 985 537 1074 secures,
562 1005 627 1052 cum
639 985 763 1072 justes]
787 983 922 1052 Catilina
940 983 1023 1050 enim
1039 977 1093 1052 libi
1109 985 1139 1052 ic
1158 1005 1299 1066 nomen,

259 1079 291 1144 u
309 1087 492 1141 ornamenta
509 1067 669 1156 dignitatis
692 1067 883 1145 consularis,
905 1070 937 1144 iu
962 1066 1060 1134 castra
1081 1069 1194 1134 Manlii
1221 1091 1296 1154 pro·

260 1160 428 1238 nciscens,
450 1153 672 1240 assuritpscrat,
695 1174 730 1222 ut
746 1157 794 1220 ait
809 1155 886 1222 Dio,
914 1155 1074 1236 Appianus
1088 1173 1194 1220 auten
1210 1157 1293 1222 inem

261 1246 457 1314 enucleamus
475 1241 612 1308 declarat
650 1248 664 1301 t
681 1246 729 1320 pt·
749 1239 776 1308 li
798 1239 856 1324 (de
874 1235 1007 1304 Catilina
1024 1239 1186 1323 loquitur)
1200 1242 1297 1318 utto,

262 1359 288 1394 nr
310 1341 336 1414 ej
358 1331 496 1406 mun-e,
518 1325 549 1392 eie
566 1356 600 1394 ne
615 1325 796 1402 lirinens,
820 1325 906 1400 reione
923 1325 1006 1404 μ’λι
1020 1325 1115 1400 iringo
1130 1323 1185 1396 ω’
1198 1329 1298 1408 inuti,

261 1423 287 1500 μὲ
307 1411 374 1486 lei·
395 1411 508 1474 nidum
530 1409 607 1490 ixeipi
628 1415 790 1487 iponiepoe'e.

262 1497 380 1650 dignm
401 1497 537 1582 aquilum
563 1489 675 1578 iliam]
710 1489 764 1562 De
790 1509 851 1578 qua
877 1489 1035 1574 superiore
1062 1493 1295 1576 commentatio

284 1598 409 1648 rutenus.
896 1645 899 1652 ,

300 1665 340 1734 in
363 1663 491 1730 erilium
518 1657 697 1757 ejiciebam]
726 1657 803 1726 Non
831 1655 928 1726 estin
951 1657 1081 1726 exilium
1098 1660 1169 1742 ejici
1188 1661 1294 1728 dicen·

260 1753 339 1850 pus,
361 1747 414 1830 qui
429 1743 537 1832 suapte
554 1743 667 1830 sponte
685 1764 716 1810 tn
735 1741 853 1812 bellum
869 1744 1023 1830 ingressus
1042 1743 1103 1812 cst.
1125 1747 1159 1812 in
1174 1747 1296 1814 bellum

263 1847 368 1984 αμιᾶω
382 1833 447 1981 justin
465 1827 618 1918 ingr-essue
642 1845 707 1894 erat
732 1827 885 1896 Catilina.
911 1848 976 1898 non
1002 1829 1094 1916 igitur
1109 1830 1141 1898 in
1161 1831 1294 1899 exilium

293 1937 310 1984 e
345 1933 448 1982 use.

261 1927 290 2018 Ρ]
306 2001 451 2070 Manlius
467 1995 522 2086 isle
538 1993 697 2088 centurio]
728 1993 804 2066 Non
824 1995 953 2064 dubium
967 1993 1028 2078 cll,
1050 1998 1124 2082 quin
1140 1997 1184 2064 de
1195 1995 1298 2069 illan.

260 2077 310 2170 lio
328 2086 486 2171 loquatur.
530 2085 591 2152 Sed
615 2099 746 2164 tamen,
767 2083 852 2167 quod
872 2083 902 2149 in
918 2102 981 2150 uno
993 2083 1069 2148 libro
1085 2099 1196 2148 vetere
1214 2081 1296 2148 scri·

264 2189 357 2260 ptum
378 2171 502 2256 video:
532 2171 679 2249 Etenim,
706 2169 811 2250 credo,
841 2167 895 2248 iile
915 2165 1068 2248 centurio,
1087 2173 1139 2251 qui
1160 2173 1196 2232 in
1211 2187 1293 2254 ogre

264 2255 415 2344 Fesoiuno
448 2249 546 2340 coflrn
561 2251 682 2340 posuit:
703 2252 853 2320 adduilus
867 2249 933 2318 sum
948 2253 978 2319 in
1000 2272 1065 2320 eant
1085 2251 1297 2338 opinionem,

263 2356 303 2418 ut
321 2355 450 2428 putem,
483 2355 621 2416 vocent,
652 2337 817 2418 Manlios,
845 2336 998 2424 glossema
1032 2335 1098 2406 eisc
1125 2337 1293 2421 alicujus,

262 2427 321 2514 qui
340 2424 499 2492 declarare
519 2423 639 2504 vellet,
659 2423 785 2508 quinam
804 2419 857 2488 ille
876 2427 1023 2490 centurio
1042 2423 1142 2492 essct.
1163 2443 1205 2489 eo
1229 2442 1295 2489 ma·

262 2509 331 2598 gie,
353 2511 426 2596 quia
445 2508 477 2575 in
496 2507 661 2600 Ciceronis
682 2507 804 2593 scriptis
818 2507 909 2592 saepe
926 2509 990 2574 hoc
1007 2509 1104 2574 inodo
1121 2526 1290 2592 peccatum

263 2593 332 2664 esse
356 2591 582 2664 animadverti.
605 2600 731 2676 'paucos
757 2590 916 2678 proferant
944 2593 1056 2672 locos,
1084 2593 1236 2677 equibus
1253 2593 1296 2658 de

263 2677 383 2749 'ceteris
400 2677 580 2762 contectura
601 2677 749 2762 capiatur.
792 2677 907 2744 Cicero
932 2695 990 2762 pto
1015 2677 1063 2742 M.
1089 2677 1206 2744 Coelio
1228 2677 1294 2744 Ru·

265 2765 325 2836 fo:
349 2763 452 2840 lieni,
474 2763 677 2839 contundier,
702 2759 761 2846 esse
776 2761 891 2846 legem,
915 2781 991 2846 quoe
1009 2761 1044 2826 de
1053 2757 1206 2846 seditiofis
1224 2781 1295 2827 ron·

260 2847 482 2940 sceleratisque
505 2849 642 2920 ciuibus,
666 2848 720 2928 qui
735 2850 850 2911 armati
861 2843 1001 2933 senorum
1018 2845 1209 2932 obsederint,
1230 2865 1296 2910 rnn-

265 2929 448 3024 giflrotiios
472 2933 533 2998 rin
559 2930 742 3011 attulerint,
770 2945 865 3017 remp.
888 2935 1125 3018 oppugnarint,
1177 2929 1294 2998 uotiiie

270 3021 379 3107 quaere·
395 3017 527 3105 jubeat:
550 3015 646 3098 legent
667 3033 727 3080 non
745 3017 917 3102 improbet,
937 3017 1070 3097 crimen,
1093 2953 1174 3094 euni
1194 3015 1295 3102 nerse.

266 3115 320 3174 tur
350 3105 384 3166 in
408 3101 552 3188 judicio,
580 3103 743 3185 requirat.
780 3121 846 3168 curn
869 3099 976 3168 nudior
1002 3103 1119 3168 nullon
1135 3101 1296 3184 surinus,

267 3185 388 3254 nullone
417 3183 596 3264 eudociam,
624 3183 741 3250 nullum
766 3190 827 3254 uim
854 3188 887 3252 in
907 3187 1066 3273 iodicium
1083 3189 1208 3254 umori:
1254 3188 1296 3252 ed

268 3269 483 3356 adolescentem
499 3263 615 3354 illustri
637 3273 781 3354 ingenio,
804 3265 956 3356 industrio
967 3317 980 3352 ,
997 3273 1127 3356 grano,
1149 3289 1224 3338 meu
1238 3277 1296 3338 ori

270 3361 308 3422 oi
324 3356 389 3445 rior
401 3351 492 3437 filio,
514 3373 598 3439 quern
616 3351 679 3439 ipse
697 3357 730 3419 in
733 3353 890 3504 p'uelicium
908 3353 945 3430 [i
960 3367 1064 3434 noret,
1087 3355 1124 3429 ii
1144 3361 1293 3424 rotoritt

271 3443 445 3526 oppugnari
467 3453 568 3506 nutem
588 3437 667 3504 liunt
681 3443 732 3522 opi
751 3459 785 3508 us
804 3444 1013 3508 meretriciis:
1036 3439 1185 3508 Atratini
1201 3440 1297 3508 illius

267 3528 416 3616 pietatem
438 3543 498 3590 non
519 3523 744 3608 reprehendat,
775 3527 949 3594 muliebrem
973 3523 1135 3591 libidinem
1161 3531 1300 3610 compti.

269 3610 407 3678 mendeno
423 3620 533 3693 potet,
554 3627 605 3674 ooo
627 3607 792 3694 laboriosos
812 3615 865 3678 exi
890 3614 983 3688 ineo,
1007 3614 1117 3696 quitos
1133 3607 1235 3692 otiofis
1257 3629 1300 3676 ne

271 3699 307 3762 in
322 3695 469 3759 commum·
485 3691 606 3779 quidem
624 3695 684 3756 otio
706 3692 799 3762 licent
821 3715 899 3761 ese.
928 3693 1012 3764 hunc
1029 3695 1137 3763 locum
1157 3695 1211 3782 qui
1231 3709 1297 3762 co·

270 3782 371 3868 gitate
398 3777 504 3862 leget,
535 3773 632 3844 facile
652 3776 798 3860 videbit,
854 3784 968 3850 trotino·
985 3799 1102 3850 nornen
1119 3778 1297 3850 delendum

271 3863 363 3934 esse:
385 3859 591 3946 &irrepsisse
613 3880 654 3930 ex
681 3861 788 3950 aliquo
829 3861 1015 3934 inssenrate.
1037 3867 1113 3934 item
1130 3866 1162 3934 in
1179 3865 1294 3935 eadem

270 3947 432 4020 oratione:
453 3946 553 4042 ilicem
573 3947 654 4016 loono
669 3945 724 4018 M.
735 4039 737 4044 ,
748 3884 885 4020 eoelum
901 3955 938 4020 in
953 3953 1010 4018 ilio
1022 3948 1292 4100 reetotisp‘ineppt
1333 3965 1340 3978 ·

1243 4103 1246 4108 -
1295 4077 1315 4120 e
