2774 4900
307 385 371 467 766
525 365 1141 466 ΜμΑπΜυκιτῐ

303 537 373 604 sunt
394 533 470 620 furti
490 517 621 611 alicujus
646 528 709 594 alio
735 527 766 596 in
789 527 952 594 loco-non
980 528 1024 594 lta
1048 527 1173 594 celebri
1196 532 1333 616 admisi,

300 622 407 708 polica
426 633 527 682 tamen
544 613 704 679 interdum
724 611 789 678 sese
805 615 843 678 ad
866 613 981 679 bonam
999 613 1124 700 frugem
1148 618 1331 702 recipiunt,

301 705 450 787 omnique
467 700 570 765 studio
594 699 771 764 moliuntur
790 697 937 774 efficere,
961 711 997 764 :tt
1012 699 1173 764 maculam
1192 701 1280 770 illam
1296 708 1333 770 in·

299 787 457 873 sequentis
469 784 556 848 vitae
573 784 771 849 continentia
788 782 934 868 deleant:
954 799 988 847 at
1007 783 1057 862 hi,
1077 785 1133 934 gui
1141 789 1330 874 praevitatem

296 874 379 938 suam
406 869 468 936 toti
490 868 611 954 populo
639 866 826 952 patefactam
851 869 984 950 vident,
1006 869 1077 950 thc
1111 874 1237 937 aomni
1262 875 1330 960 spe,

296 957 389 1036 fore,
409 971 444 1020 ut
464 955 542 1020 illud
557 951 661 1019 famae
673 953 951 1037 dispendiamaiia
968 971 1108 1038 unquam
1129 955 1260 1024 ratione
1279 959 1329 1026 sar·

296 1047 362 1108 cire
382 1039 521 1126 posfint,
551 1057 594 1106 ne
612 1053 767 1106 conantur
783 1040 918 1126 quidem
936 1039 1074 1107 animum
1095 1040 1134 1105 ad
1150 1041 1256 1110 bonas
1269 1065 1329 1130 par·

303 1122 352 1196 tes'
366 1127 537 1191 adducere:
559 1124 667 1206 itaque
688 1123 823 1201 merito,
859 1139 1006 1205 tanquam
1033 1123 1170 1208 depositi
1191 1131 1329 1214 penitus,
1375 1163 1376 1174 κ

297 1211 538 1296 desperatique,
567 1227 584 1272 a
605 1223 744 1292 corpore
761 1209 953 1290 reipublicae
973 1209 1201 1275 excindantur.
1246 1215 1328 1282 Prae·

157 1309 164 1386 j
301 1315 410 1375 terea,
430 1310 465 1358 ut
484 1295 537 1378 qui
561 1292 691 1376 publice
707 1293 867 1390 egregium
894 1293 1022 1390 aliquod
1047 1290 1175 1359 facium
1193 1297 1330 1379 obeunt,

321 1383 368 1449 lus
387 1377 541 1464 praestant
561 1381 636 1460 reip.
661 1397 753 1462 quam
780 1397 833 1462 qut
854 1395 1021 1462 privatim:
1041 1379 1183 1463 ideoque
1211 1385 1328 1466 majori·

297 1401 357 1532 gu:
381 1462 524 1550 praemiis
552 1461 764 1528 honorantur:
796 1463 839 1528 ita
857 1462 910 1548 qui
930 1459 1061 1548 publice
1087 1463 1192 1530 scelus
1208 1467 1332 1554 aliquod

302 1551 444 1628 obeunt,
465 1547 611 1632 insignius
627 1547 755 1612 laedunt
776 1532 962 1627 civitatem,
985 1547 1120 1632 quamfi
1144 1549 1330 1632 rodense,

298 1633 454 1720 aliquibus
474 1632 662 1712 io'htcbris,
684 1633 953 1698 contaminarent:
971 1649 1075 1718 neque
1089 1631 1329 1716 faliotantum‚

296 1738 408 1784 verum
437 1717 530 1782 etiam
555 1715 704 1802 exemplo
723 1734 862 1784 nocent:
891 1735 988 1801 quare
1007 1723 1037 1783 dt
1058 1721 1264 1802 gravioribus
1280 1741 1330 1789 eos

299 1803 458 1888 suppliciis
476 1801 558 1868 affici
569 1821 628 1886 par
645 1799 703 1868 est.
744 1801 842 1867 Addit
862 1801 891 1870 dt
909 1801 983 1866 alias
1001 1803 1170 1884 quasdam,
1193 1807 1330 1892 quihus,

298 1907 340 1955 ne
368 1888 499 1954 nimium
532 1883 692 1952 excrescat
720 1889 854 1968 oratio,
891 1884 1088 1952 teccnsendis
1114 1885 1329 1970 supersedebi-

302 1992 383 2038 mus.
424 1971 545 2057 Lepide
559 1981 826 2053 autem'opttmum
838 1971 944 2050 jurem
967 1969 1045 2036 dixit
1062 1971 1229 2054 Catullus,
1253 1994 1328 2041 cum

295 2056 523 2140 callidissimum
543 2102 555 2135 ,
584 2053 862 2123 &furacisfinun
886 2049 1068 2142 fignificets‘
1087 2055 1168 2142 quad
1200 2059 1266 2124 ullo
1296 2063 1331 2128 in

298 2143 386 2208 vitiis
402 2141 525 2209 bonitas
540 2137 607 2205 esse
627 2139 736 2226 possit.

342 2317 656 2394 SAECULARE
692 2319 922 2390 CARMEN
952 2338 1009 2388 nn
1045 2319 1288 2392 DinNnM.

347 2483 472 2550 Diutius
484 2476 590 2564 sumus
611 2480 645 2541 in
660 2477 756 2564 fidu]
780 2477 859 2544 ludis
876 2475 1106 2560 saecularibus,
1127 2485 1221 2566 pueri
1243 2481 1320 2568 pocl-

300 2574 413 2656 laeque
432 2562 589 2648 Apollinis
610 2579 648 2628 ac
673 2560 795 2628 Dianae
815 2564 920 2630 laudes
940 2583 1054 2632 canere
1078 2565 1318 2634 consueverant.

224 2715 228 2722 ,
301 2659 337 2724 ln
359 2669 429 2732 eum
448 2649 544 2733 igitur
565 2644 652 2712 usum
675 2646 695 2710 h
721 2665 812 2714 mnus
827 2649 879 2714 hic
897 2647 1000 2715 frisius
1019 2649 1086 2726 est,
1110 2669 1180 2735 quo
1206 2653 1319 2719 Dianae

300 2739 406 2808 laudes
427 2733 642 2800 continentur.
724 2749 774 2795 tes
800 2733 938 2815 ejusdcm
960 2735 1082 2823 generis
1113 2735 1227 2823 hymni
1286 2737 1320 2802 ·d

286 2817 470 2892 'Horatium
487 2815 644 2900 leguntur.
683 2811 738 2879 De
754 2815 801 2880 his
820 2835 924 2884 autem
942 2818 1022 2884 ludis
1042 2818 1142 2884 multa
1157 2823 1229 2887 adm
1276 2841 1319 2888 um

174 2939 179 2950 ι
298 2908 390 2992 digna
405 2901 536 2985 cognitu
553 2897 684 2982 collegit
694 2900 869 2969 Politianus
885 2902 915 2970 in
926 2902 1146 2970 miscellaneis.
1170 2906 1210 2971 ln
1221 2903 1317 2992 fidel]

299 2995 329 3058 in
349 2987 465 3066 tutela,
493 2985 523 3050 in
546 2981 706 3050 clientela.
748 2983 906 3074 iurent]
929 2989 1048 3056 nam&
1067 2987 1134 3073 ipsa
1150 2991 1244 3078 virgo
1263 2989 1319 3068 cll:

294 3091 394 3162 utque
419 3068 644 3154 semperlvirgo
665 3066 732 3134 esse
752 3070 880 3154 posset,
902 3091 1012 3142 recens
1027 3090 1100 3140 nata
1111 3121 1124 3156 ,
1148 3076 1320 3144 obtinuit:

279 3161 394 3248 'Jove
415 3153 500 3222 unde
516 3153 600 3238 apud
618 3153 771 3222 Ovidium
790 3155 947 3244 Daphne,

381 3321 438 3390 Du
459 3319 538 3386 inihi
557 3331 725 3405 perpetua,
745 3328 868 3410 genitor
889 3325 1061 3410 rurisfirne,
1084 3331 1192 3412 dixit,

386 3405 587 3494 Virginitute
601 3401 693 3485 frui:
714 3409 797 3474 dedit
818 3409 874 3477 hoc
893 3426 987 3498 pater
1009 3427 1080 3481 unte
1103 3415 1247 3485 Dianae.

296 3595 363 3664 quo
379 3575 454 3642 loco
470 3573 600 3641 dubium
617 3591 680 3642 non
698 3575 760 3658 eil,
779 3577 854 3662 quin
873 3561 1010 3650 osidius
1026 3579 1259 3652 Callimachum
1270 3599 1318 3648 ct.

234 3661 240 3684 ‘
298 3663 435 3750 ptimere
450 3660 608 3739 volucrit,
632 3661 714 3746 apud
728 3680 820 3745 quem
836 3662 940 3732 Diana
956 3667 1019 3756 ipsa
1037 3671 1082 3736 ita
1100 3670 1263 3757 loquitur,

383 3831 434 3898 dit
455 3857 502 3909 mr
523 3831 655 3915 nglrsier
674 3831 770 3895 aldim
792 3830 876 3897 ἴση
898 3835 1052 3920 poariam.

299 4001 386 4096 Quin
406 4001 437 4068 dt
458 3999 605 4068 Socrates
619 3999 702 4086 apud
720 3999 885 4071 Platonem
903 4005 935 4075 in
954 3978 1110 4094 C'tatylo,
1131 4027 1209 4076 com
1234 4005 1324 4158 vetat&
