2802 4920
141 279 336 420 '576
480 322 533 392 M.
618 313 660 384 a.
739 301 1086 384 Mu'arrnr

272 510 361 560 mus:
391 484 420 552 dt
448 476 584 564 quiade
609 469 760 540 faciendis
782 469 958 570 portubus,
978 470 1205 560 arclutestum3
1218 477 1298 565 qula

275 577 315 642 de
337 565 510 645 livoribus,
539 563 575 628 dt
591 556 766 636 rumoribus
785 575 824 622 m.
842 571 978 641 corpore
997 555 1155 627 interdurn
1175 559 1295 662 ailquid

274 660 373 736 dicit,
393 650 549 718 medicum
568 643 635 710 esse
653 659 726 708 euru
752 639 917 706 volumus:
939 639 1048 708 eadem
1063 645 1189 712 ratione
1205 649 1291 714 drea.

274 763 343 812 mus
365 736 454 812 sane,
476 730 592 800 debere
610 745 681 792 eum
704 725 824 792 bonum
843 727 980 809 coquum
1002 727 1088 808 esse,
1107 729 1292 818 bonumque

142 836 146 854 ¹
171 811 173 820 ¹
274 825 430 894 sutorem:
452 817 537 903 quod
556 816 587 879 in
608 827 693 877 tanta
708 799 811 874 rerum
827 809 980 874 varietate
994 811 1138 878 accidere
1153 816 1293 902 aliquan·

275 912 318 979 do
332 906 454 988 possit,
478 917 514 967 ut
532 899 571 964 de
587 895 665 963 cibis
683 894 713 959 ei
732 893 770 962 sit
789 891 925 990 aliquid,
946 893 1234 986 calceamentisque
1247 902 1293 966 di·

272 994 418 1062 ccudum.
444 984 616 1081 Magnum
640 997 720 1045 vero
745 990 871 1076 oraton·
887 977 1051 1076 negotium
1076 981 1289 1066 inponimus:

275 1079 299 1148 si
308 1125 322 1160 ‚
344 1091 379 1141 ut
397 1073 426 1141 ei
438 1067 555 1154 aliqurd
571 1086 600 1132 ru
616 1063 757 1130 sermone
770 1061 809 1127 dc
820 1061 908 1142 hujus
921 1077 974 1128 aut
988 1063 1072 1130 tllrus
1087 1068 1164 1133 artis
1182 1070 1292 1136 inibu-

274 1159 413 1239 mentis,
433 1152 652 1252 operibusve,
665 1162 720 1213 aut
742 1145 785 1218 de
798 1143 861 1230 ipsa
881 1147 975 1242 etiam
992 1146 1154 1250 efficiendi
1169 1154 1292 1219 ratione

272 1230 827 1412 gcffioedidilddrifflmnffbfqtrffirsssdaed
841 1227 1037 1412 gaagrlrgrrffir’n
1046 1234 1298 1386 &ubutrlrlrfisffggrng

207 1492 209 1498 ψ
275 1416 431 1562 siffis
439 1424 503 1558 ‘aii
516 1397 960 1554 tribunitius?
978 1415 1108 1555 titii
1121 1402 1291 1556 illati

277 1516 430 1664 {ffifu’r
453 1570 639 1640 aedificanda
660 1566 796 1646 navalia,
828 1565 933 1633 diserti
952 1507 1292 1642 bomineslgaadbibeau:

154 1717 158 1728 ,
275 1685 345 1747 tur,
367 1665 398 1731 dc
424 1679 480 1727 cur
503 1675 566 1724 uon
584 1652 762 1720 oratoribus
777 1650 859 1736 resp.
878 1666 1024 1735 tanquam
1041 1653 1208 1738 Delphicis
1226 1661 1291 1746 gla-

276 1753 357 1830 diis,
377 1747 414 1813 ad
432 1739 558 1821 omnia,
578 1755 659 1825 quae
676 1735 747 1802 sunt
767 1735 799 1802 in
815 1732 946 1802 &vitate
961 1737 1149 1823 necessaria,
1171 1759 1289 1810 utatur.

274 1833 340 1916 Est⁴
358 1845 460 1897 autem
479 1845 505 1926 ,⁰
579 1841 597 1888 e
619 1820 753 1921 pretium
776 1819 990 1904 cognoscere,
1010 1841 1073 1906 quo
1092 1827 1291 1908 potissmum

272 1902 1295 2091 {ibiibi,iiiiii“ilirlffssiiiilllliin{lilii

274 2083 498 2174 potestantem
515 2093 677 2164 qursquam
693 2092 729 2139 ea
742 2072 877 2140 drcendo
895 2073 1040 2154 trasiare,
1060 2093 1140 2160 quac
1158 2079 1293 2162 cognita

273 2165 498 2258 perspectaque
510 2180 573 2229 non
589 2160 718 2228 babeat.
738 2157 877 2226 omnium
891 2158 986 2242 igitur
1002 2157 1111 2224 artium
1125 2157 1294 2229 scientiam

275 2257 381 2323 animo
403 2245 694 2336 comprehenderit,
725 2257 874 2324 oportet,
896 2241 923 2308 is
947 2244 1000 2328 qui
1020 2245 1152 2311 oratoris
1175 2265 1291 2312 munus

273 2335 428 2412 sustinere
447 2333 625 2402 meditetur.
671 2329 703 2394 0
726 2325 926 2412 plumbeum,
955 2343 990 2391 ut
1015 2327 1151 2411 dicitur,
1199 2330 1290 2417 ugio·

275 2441 361 2494 nem.
382 2421 452 2512 quis
473 2416 554 2485 enim
579 2413 642 2480 boc
665 2410 722 2478 tibi
739 2407 947 2485 concesserit,
968 2410 1022 2480 nisi
1041 2415 1162 2498 quemi
1223 2435 1292 2484 ma·

317 2523 409 2576 orum
430 2501 592 2571 nominum
609 2493 810 2564 infatuaverit
825 2494 1019 2582 austoricus,
1035 2497 1181 2564 omnibus
1193 2501 1233 2565 de
1245 2519 1296 2566 re-

301 2613 337 2660 us
356 2588 491 2658 oratoris
509 2582 576 2652 esst
594 2581 735 2650 officium
756 2579 888 2646 dicere?
906 2579 1109 2663 sophistarum
1122 2581 1187 2650 boc
1204 2583 1293 2666 firir,

276 2694 397 2766 ponere
412 2673 522 2753 jubere
538 2666 624 2752 quod
639 2665 771 2749 quisquc
788 2663 904 2730 vellet:
923 2665 1009 2748 quod
1021 2684 1118 2733 nemo
1134 2687 1295 2754 unquam,

278 2762 333 2846 qui
343 2773 452 2830 orator
463 2755 645 2828 haberetur,
668 2746 834 2816 factitavit.
848 2748 983 2844 Quando
1000 2767 1105 2818 autem
1119 2751 1223 2836 potest
1236 2773 1295 2820 ac·

276 2844 402 2922 cidere,
430 2853 466 2906 ut
495 2851 602 2903 orator
620 2833 725 2900 dicere
744 2831 877 2910 debeat,
907 2831 1049 2918 quadrari
1068 2835 1166 2920 possit
1187 2839 1291 2902 circu·

274 2929 345 3009 lua,
364 2943 425 2994 uec
447 2940 489 2989 ne
503 2918 616 3008 possrt.
637 2931 690 2982 aut
712 2917 827 3001 ecquid
846 2915 939 2984 ullam
961 2915 1073 2986 babeat
1092 2919 1230 3006 quadrati
1245 2923 1292 2988 la·

131 3004 135 3020 '
276 3031 329 3080 tus
349 3006 590 3085 cumtdiametro
622 2999 868 3086 roportionems
890 3002 933 3066 At
945 2999 1023 3071 haec
1037 3001 1138 3090 ipsafi
1155 3005 1293 3073 traam·

275 3097 317 3165 da
335 3091 524 3176 susceperit,
543 3021 646 3156 musso
663 3085 807 3153 tradabit
828 3085 991 3165 ornatius,
1012 3103 1103 3174 quam
1124 3089 1177 3176 ipsi
1195 3089 1297 3159 artifi-

276 3197 331 3250 ces
356 3179 469 3246 sblent.
510 3175 592 3242 Saue
612 3189 710 3236 vero.
740 3186 904 3251 mortuos,
925 3170 1041 3254 credo,
1062 3173 1233 3256 exorabit,
1259 3175 1296 3242 dt

274 3264 373 3335 mutis
393 3261 486 3328 rebus
508 3253 681 3324 sermonem
699 3254 807 3335 dabit,
827 3254 858 3321 dc
874 3252 1014 3322 similiter
1033 3257 1237 3339 cadentibus,
1260 3259 1296 3327 ᾱ

275 3349 417 3421 similiter
429 3341 639 3412 defluentibus
658 3355 803 3406 canoram
821 3339 1081 3426 numerosamque
1092 3342 1212 3410 efficiet
1222 3361 1298 3409 ora·

275 3435 415 3502 tionem:
442 3421 671 3522 facileque,·si
698 3423 731 3490 id
757 3421 862 3498 facere
889 3424 1054 3506 voluerit,
1093 3413 1227 3514 effugiit
1262 3427 1300 3495 ᾱ

192 3529 197 3536 ’
275 3520 357 3588 risus
382 3511 612 3593 homiuum&
635 3508 768 3576 insaniae
793 3505 917 3576 famam.
962 3507 1211 3596 Consputaretur
1230 3528 1302 3578 me·

274 3600 427 3688 hercule,
449 3615 486 3665 ut
510 3595 624 3747 ogiuor
635 3640 647 3674 ,
666 3592 696 3656 dt
713 3589 812 3669 saxis,
835 3591 969 3678 lutoque
987 3611 1165 3681 peteretur,
1187 3595 1306 3682 uquia

277 3688 313 3759 iu
337 3703 455 3763 corona
479 3697 527 3749 tra
561 3677 646 3748 andis
667 3677 818 3756 eiusmodi
848 3677 943 3744 rebus
963 3696 1107 3748 ornatum
1127 3679 1225 3748 ullum
1241 3679 1304 3748 ad·

158 3835 161 3842 .
274 3767 387 3841 amne
411 3767 589 3836 oratorium·
609 3761 720 3828 vellet.
763 3761 818 3828 De
836 3755 947 3844 justis,
977 3761 1114 3848 iniustis,
1143 3764 1301 3842 edibus,

276 3847 639 3936 laudibus,honestia,
668 3847 830 3932 turpibus,
862 3843 968 3914 dicere
985 3849 1121 3918 oratoris
1146 3848 1295 3918 officium

268 3939 338 4060 eil:
358 3957 423 4012 non
444 3937 487 4006 de
507 3931 684 4024 quadratis,
705 3939 738 4000 dt
762 3927 906 4015 mealia,
925 3929 1091 4015 denonis,
1110 3931 1144 4004 dr
1162 3929 1315 4084 Ἦ
