2802 4920
249 334 318 420 φᾶ
464 277 1072 398 mallatura

256 454 337 560 stat.
357 497 393 544 ea
409 485 487 540 uero
509 473 576 570 latta
591 472 644 539 cui
658 475 787 559 potius,
809 493 903 576 quam
921 479 1094 574 Ciceroni,
1113 487 1282 559 tribuenda

257 571 319 648 fin,
349 561 503 630 neminem
530 559 647 624 video.
679 579 757 625 unus
779 579 862 628 cmm
886 565 1037 638 latentem
1060 571 1163 641 adhuc
1185 593 1284 659 atque

257 651 414 722 occultam
431 643 681 724 coniurationem
704 645 845 728 lingulati
866 651 1086 737 providentia,
1107 657 1285 742 vigilantia·

258 754 320 826 que
337 727 563 816 deprehendit,
591 745 629 792 ac
645 730 794 810 protulit:
817 751 1014 818 manantem,
1036 740 1083 805 set
1106 759 1282 829 cutemque

256 817 404 910 paulatim
421 813 564 898 longius,
588 813 790 908 comprensa:
812 814 980 887 stallosac
993 823 1175 894 debilitatos
1191 845 1280 894 metu

253 919 382 995 propter
400 899 577 966 inusttatam
596 897 728 980 penculi
748 901 992 986 magnitudinem
1005 907 1134 976 ciuium
1155 912 1278 980 animos

251 985 472 1060 confirmavit:
503 979 744 1048 indormientem
771 985 866 1052 tantis
895 991 989 1057 rebus
1014 994 1169 1063 excitavit
1193 994 1280 1063 sena·

256 1092 341 1144 tum:
363 1067 472 1135 eadem
494 1082 579 1131 voce
596 1067 626 1132 dt
645 1061 842 1136 securitatem
864 1071 977 1156 bonis,
997 1076 1028 1142 ἀ
1046 1093 1199 1148 terrorem
1219 1083 1276 1148 im·

251 1157 362 1249 probis
388 1151 515 1218 attulit:
548 1149 701 1236 collegam
730 1153 819 1219 suum
851 1153 922 1222 labe
947 1161 1184 1244 conjurationis·
1198 1164 1279 1232 inse·

254 1247 360 1321 etum,
379 1233 653 1322 spontedepostta‚
669 1235 840 1321 oblataque
856 1240 901 1307 illi
915 1249 1098 1326 provincia,
1118 1249 1156 1313 ad
1178 1249 1276 1316 bonas

277 1345 360 1396 erres
378 1319 523 1388 adduxit:
540 1319 703 1404 &utquae
715 1319 809 1388 sanari
819 1343 985 1409 poterant,
1001 1327 1124 1398 summo
1132 1333 1276 1401 adhibito

255 1351 379 1490 fludio,
402 1406 506 1474 sanare
525 1420 660 1471 conatus
679 1403 742 1486 cst,
760 1407 803 1472 ita
827 1429 908 1494 quae
927 1413 1105 1482 insanabilia
1123 1419 1276 1486 videban-

253 1515 327 1578 tut,
356 1513 415 1574 ea,
439 1488 525 1556 omni
542 1487 705 1594 periculo,
732 1508 828 1574 atque
851 1498 937 1564 omni
955 1497 1073 1566 invidia
1093 1520 1153 1587 pro
1176 1504 1276 1572 nihilo

254 1583 380 1663 habita,
399 1572 538 1642 animose
558 1591 596 1638 ac
613 1569 744 1640 sortiter
758 1581 955 1664 amputavit.
978 1583 1206 1670 itaqueearum
1226 1607 1275 1656 re.

252 1686 323 1736 turn
341 1679 439 1748 ergo,
464 1659 583 1744 primus
599 1657 796 1727 meritissimo
817 1681 888 1730 eum
911 1667 1066 1736 honorem
1086 1669 1277 1740 consecutus

257 1751 319 1830 ast,
341 1761 376 1812 ut
390 1762 480 1830 pater
494 1741 613 1826 patriae
624 1742 793 1811 diceretur.
825 1750 874 1814 Ac
887 1747 907 1816 st
922 1753 993 1836 quis
1008 1751 1069 1836 est,
1091 1757 1145 1840 qai
1161 1757 1274 1824 borum

254 1825 584 1922 praestantissimorum
612 1845 743 1910 operum
764 1830 886 1902 laudem
910 1835 949 1901 ab
975 1836 1153 1920 eloquentia
1170 1861 1280 1910 remo·
1388 1869 1389 1872 ¹

178 1955 188 1981 a
255 1937 354 1997 vens,
375 1915 413 1980 ad
431 1912 506 1980 alias
527 1910 673 1996 quasdam
691 1914 826 1980 virtuter
850 1915 978 1986 reserre'
988 1921 1087 1988 malit:
1109 1939 1145 1992 ut
1164 1929 1195 1992 ei
1213 1947 1276 1994 noa

253 2002 330 2072 illud
354 2000 519 2076 dabimus,
539 2014 696 2080 nunquam
720 1997 877 2066 bominem
902 2005 1071 2088 quamlibet
1089 2007 1118 2072 in
1133 2008 1277 2079 dicendo

179 2101 186 2121 ·
252 2083 438 2172 copiosum,
456 2096 552 2180 atque
564 2097 727 2160 ornatum,
746 2079 823 2150 haec
839 2102 903 2154 tarn
917 2090 1070 2174 praeclara
1084 2089 1276 2166 effecturum

252 2170 350 2240 fuisse
362 2171 425 2238 stne
440 2168 507 2263 aliis
521 2165 662 2250 plurimis
667 2214 681 2248 ,
705 2171 911 2265 maximisque
927 2175 1112 2242 virtutibus:
1131 2176 1175 2244 ita
1189 2178 1280 2265 ipse,

254 2255 311 2326 nili
334 2255 432 2327 ualde¹
451 2253 575 2335 iniquus
599 2250 654 2328 st,
676 2251 769 2318 nobis
787 2254 850 2322 boc
865 2261 1043 2342 concedat,
1062 2261 1191 2329 necesse
1214 2263 1281 2347 cll,

255 2359 416 2426 nunquam
439 2339 517 2404 haec
540 2352 603 2403 tam
624 2333 762 2402 feliciter
779 2359 797 2406 a
816 2359 974 2426 quoquam
993 2344 1105 2430 dirigi,
1125 2349 1280 2432 guberna·

143 2480 145 2486 .
256 2430 347 2512 rique
369 2421 526 2511 potuisse,
557 2421 627 2496 cui,
661 2423 775 2488 ceteris
794 2425 946 2498 instruito
966 2431 1058 2496 animi
1078 2431 1189 2515 bonis,
1211 2453 1279 2520 gra.

253 2514 340 2579 viter
350 2515 524 2598 ornateque
535 2504 659 2574 dicendi
669 2503 973 2580 facultasdefuisset.
1000 2513 1091 2582 Hane
1105 2535 1167 2602 ego
1176 2521 1214 2586 ad
1231 2517 1279 2584 sa·

254 2597 429 2674 cultatem,
443 2591 636 2672 Moccnice,
655 2591 720 2658 viar
729 2594 974 2663 commonstrare
982 2597 1127 2666 eonoriir
1134 2648 1146 2682 ‚
1166 2603 1280 2689 quibua

257 2683 290 2750 in
304 2700 362 2746 nac
375 2679 452 2745 urbe
465 2675 553 2741 cordi
570 2673 588 2740 s
584 2691 639 2742 unt
657 2675 854 2744 honestarum
867 2683 979 2748 attium
995 2680 1114 2752 studia.
1133 2707 1206 2754 nant
1221 2687 1276 2756 ctsr

259 2783 323 2834 uon
341 2764 465 2829 sumita
483 2759 605 2826 nescius
620 2760 700 2834 mei,
724 2776 759 2824 ut
777 2763 979 2846 eloquentem
996 2767 1064 2833 esse
1082 2789 1135 2836 me
1151 2789 1278 2856 putem:

256 2866 383 2927 tamen,
414 2843 501 2931 quod
518 2843 647 2926 aprima
668 2857 771 2909 aetate
788 2845 861 2914 dedi
882 2869 933 2916 me
953 2849 1089 2918 studiose
1104 2855 1143 2922 ad
1161 2859 1281 2924 exerci·

256 2933 410 3002 tationem
429 2928 571 2994 dicendte
593 2927 619 2990 d
642 2947 840 3010 magnacum
857 2937 1148 3019 curaperuolutaul
1167 2962 1279 3012 eorum

258 3019 389 3102 scripta,
409 3013 464 3098 qui
477 3030 532 3078 aut
554 3007 659 3076 diserti
684 3009 783 3079 fuisse
804 3015 1003 3100 ferebantur,
1024 3039 1079 3088 aut
1098 3043 1135 3092 ea
1151 3046 1281 3110 praece·

257 3117 311 3189 pta
331 3099 420 3166 libris
440 3095 501 3164 suis
524 3096 682 3181 complexi
706 3096 790 3178 esse,
813 3103 926 3185 quibus
942 3107 1094 3174 orationis
1115 3113 1209 3196 copia
1225 3131 1280 3194 pa.

256 3201 394 3256 raretut:
414 3183 526 3248 videor
546 3179 743 3278 nosse,·quo
767 3184 832 3269 ipse
847 3208 910 3256 non
926 3193 1143 3276 pervenerim,
1163 3195 1281 3266 nibilo-

257 3274 377 3344 minus,
400 3287 439 3333 eo
460 3287 520 3352 qua
543 3269 787 3346 perveniendum
806 3269 863 3352 fit,
884 3273 991 3359 aliquo
1009 3277 1108 3344 modo
1121 3263 1291 3350 indicare?

256 3369 346 3424 terre
364 3351 489 3440 quidem
508 3349 617 3416 sedulo
636 3351 776 3436 praesto,
798 3357 883 3439 quod
903 3357 1103 3442 possum,.&
1117 3367 1206 3449 quod
1222 3369 1286 3435 mi.

257 3442 291 3510 hi
310 3438 432 3506 senatus
454 3435 641 3502 austoritate
665 3457 776 3504 munus
795 3438 968 3520 injunctum
988 3443 1052 3527 est,
1074 3447 1103 3513 ei
1118 3465 1155 3516 ut
1170 3471 1214 3521 ne
1228 3453 1286 3520 de·

200 3588 212 3598 ,
258 3527 335 3606 fim,
355 3523 473 3590 vitibus
486 3522 822 3607 opibusqueomuibus
835 3527 965 3594 elaboro
1006 3531 1155 3615 quoniam
1172 3551 1286 3608 autem
1329 3572 1333 3580 ·

259 3611 350 3680 multi
371 3607 461 3758 saelpe
479 3607 523 3672 ita
541 3625 818 3705 mecumegerunt
837 3612 973 3702 primarii
995 3614 1139 3686 homines
1146 3665 1158 3701 ,
1180 3637 1216 3688 ut
1234 3623 1287 3690 di·

162 3749 166 3761 .
259 3711 388 3770 cet-ent,
426 3692 600 3778 eeupidos
627 3693 751 3776 quidem
771 3690 1287 3790 essecocnoscendiea,quaea

258 3782 526 3850 medicarentur:
546 3774 618 3856 sed,
640 3779 736 3852 nead
753 3795 880 3847 metam
896 3783 1007 3868 saepe,
1028 3805 1122 3872 quarn
1140 3791 1286 3874 vellent,

257 3867 472 3942 ventitarent,
492 3862 628 3947 negotiis
647 3862 805 3948 impediri:
825 3865 847 3934 si
870 3863 1025 3936 subsecivi
1049 3875 1205 3958 temporis
1228 3877 1284 3944 au·-

191 4009 196 4020 .
256 3951 334 4046 quid
350 3949 504 4022 sumerem
523 3947 561 4016 ad
576 3945 713 4035 etipsa,
735 3968 817 4040 quae
837 3953 982 4042 quotidie
1000 3956 1177 4046 nadaem,
1197 3979 1283 4116 mg
