2774 4900
275 309 330 361 rrr
374 259 674 360 Ce'rrrreure
716 260 995 364 Commune.
1083 312 1147 385 735

120 451 152 518 id
182 467 223 516 err
241 447 465 533 posterioribus
487 448 591 531 solus,
613 450 698 534 quod
720 450 840 537 sciam,
871 451 985 518 imitari
1000 451 1092 521 ausus
1105 453 1152 524 est
1214 487 1215 490 ¹
1304 489 1305 498 κ

119 539 247 604 divinus
266 543 383 620 poete,
408 536 546 601 michael
570 535 734 600 Marullus.
779 535 904 622 Sappho
916 553 1042 616 autem,
1066 557 1147 624 quae

121 639 240 688 nomen
256 621 329 686 huic
344 620 448 706 generi
467 621 610 686 versuum
626 621 737 694 dedit,
762 619 852 708 saepe
869 621 1036 689 admodum
1051 624 1079 689 id
1097 624 1145 691 fe·

119 707 564 876 cveirragti,lius8:premgemiuur‚]
597 708 651 791 qui
674 705 797 790 septem
812 705 898 773 ostiis
917 709 984 776 exit
1007 709 1038 775 in
1055 729 1150 832 mare.
1217 735 1222 750 ·

207 960 251 1028 El
265 955 496 1044 septemgemini
516 962 642 1024 turbent
662 960 781 1046 trepida
804 955 879 1044 estio
902 959 987 1029 Nili.

125 1127 180 1196 sic
197 1127 279 1194 idem
300 1129 569 1210 centumgeminus
598 1125 727 1195 Briareo
747 1145 763 1188 e
785 1143 912 1193 centum
936 1129 1093 1212 manibus,
1114 1135 1146 1202 lie

125 1218 325 1298 tergeminum
348 1229 479 1286 currem,
516 1210 690 1280 Cerberum
714 1210 805 1282 dixis.
854 1214 1017 1302 Colum]
1050 1218 1147 1306 limo¹

122 1299 217 1381 cujus
235 1315 375 1381 magnam
399 1297 522 1380 copiam
546 1294 651 1364 secum
675 1296 768 1361 trabit
824 1295 1019 1382 Munitorum
1027 1301 1059 1386 ,]
1082 1317 1146 1373 tro·

119 1401 209 1470 paea.
255 1382 410 1447 Gallicum
438 1379 618 1466 Rhenum]
652 1381 816 1464 epitheton
839 1381 950 1465 addit,
980 1385 1018 1450 ad
1044 1385 1150 1454 discri-

125 1487 198 1536 men
224 1465 325 1534 Rheni
347 1464 562 1532 Bononiensis.
604 1463 832 1549 Horribiier‚]
855 1465 1021 1548 hospitibus
1036 1471 1145 1550 seror,

123 1569 162 1618 ut
180 1570 237 1617 eos
255 1550 405 1617 Horatius
425 1563 529 1616 vocat.
585 1549 719 1614 Ultimos
738 1567 862 1630 eurem,
884 1551 995 1638 elisisset
1019 1567 1079 1626 roeo
1103 1576 1153 1618 or-

128 1642 188 1717 be‘,
207 1650 242 1701 ut
262 1635 411 1722 Virgilius
430 1635 588 1718 loquitur.
604 1633 688 1704 infra
698 1653 826 1726 quoque
838 1639 976 1704 ulriruom
990 1639 1153 1712 britannie

124 1743 176 1792 am
195 1736 304 1789 vocat.
346 1719 519 1797 Horetiur,
618 1745 621 1752 ¹

168 1891 276 1957 Serues
296 1893 412 1989 iturum
432 1885 590 1974 Caesarem
610 1890 645 1954 e'er
660 1887 781 1954 ultimos
806 1889 902 1956 Orbis
922 1889 1101 1963 Britannos.

171 2057 369 2146 Tercentum]
406 2053 593 2146 hyperbole.
647 2055 743 2122 Velut
773 2059 860 2140 proli
890 2055 1028 2126 Ultimus
1047 2060 1147 2166 fler]

83 2171 86 2176 ¹
122 2145 249 2210 ultimos
274 2147 356 2208 orori
372 2143 468 2229 fleret
490 2159 642 2206 vocamus
690 2141 743 2226 qui
758 2139 829 2206 sunt
843 2144 987 2230 proxime
1004 2147 1105 2212 viam.
1126 2167 1147 2213 rr

122 2245 231 2296 autem
251 2229 320 2294 fere
332 2245 385 2294 aut
404 2228 561 2292 viatorum
578 2225 732 2310 pedibus,
754 2243 806 2290 aut
823 2245 971 2293 curruum
993 2248 1149 2310 praetere·

125 2316 249 2380 untium
272 2314 350 2380 rotis
373 2312 477 2377 obteri
496 2308 612 2378 solent.
653 2309 792 2395 Respicit
815 2327 918 2380 autem
943 2309 1088 2380 Catullus
1109 2317 1148 2382 sd

123 2416 221 2464 verus
245 2397 473 2486 proverbium,
501 2415 588 2480 quo,
617 2414 721 2474 cum,
754 2390 871 2480 aliquid
893 2395 984 2483 plarre
1004 2400 1149 2492 periisse²

122 2484 264 2549 indicare
291 2483 459 2559 uolebant,
481 2479 646 2562 dicebant,
673 2481 750 2548 Tam
766 2477 895 2568 periisse
907 2529 919 2562 ,
941 2501 1031 2567 quam
1052 2499 1152 2550 exire.

122 2591 203 2635 marn
220 2574 341 2652 jobum.
385 2567 466 2638 Vide
486 2563 512 2630 F
513 2563 623 2632 esium.
1046 2602 1051 2614 ·

245 2733 356 2802 ru
461 2708 1041 2830 esrurum‘

168 2903 355 2972 Marrucine
381 2899 507 2990 elfini]
534 2903 657 2971 eumin
686 2900 847 2969 veteribus
867 2899 953 2969 libris
972 2920 1081 2990 aperte
1101 2907 1146 2975 le·

122 3005 273 3076 geretur,
298 2991 481 3060 Marrucine
503 2985 612 3070 Afioi;
635 2987 743 3055 nescio
759 3007 818 3076 qua
839 2988 962 3055 ratione
975 2994 1058 3058 moti
1078 3011 1145 3060 eru·

124 3076 186 3140 diti
205 3075 329 3156 quidem
343 3117 353 3153 ,
369 3073 451 3139 illius
470 3074 544 3140 loco
559 3073 801 3154 substituerunt,
822 3073 906 3137 luter
923 3076 1025 3144 cenum
1043 3075 1151 3160 Astur}

124 3178 161 3224 ur
177 3178 218 3223 err
241 3159 366 3229 Palladii
381 3159 640 3246 interpretatione
653 3157 878 3244 cognoscitur3
900 3157 953 3241 qui
971 3162 1065 3228 etiam
1079 3163 1145 3232 hoe

123 3243 225 3328 ipsum
243 3243 297 3310 fibi
319 3244 409 3309 ualde
423 3244 548 3328 placere
565 3245 634 3308 air.
658 3243 734 3308 mihi
754 3242 906 3330 quidem,
926 3261 967 3307 ne
987 3248 1062 3330 quid
1084 3249 1144 3313 dis·

122 3331 290 3410 fimulem,
312 3349 374 3396 uon
389 3331 510 3414 placet,
532 3345 599 3394 tum
614 3327 679 3396 aliis
694 3327 881 3406 decausis,
901 3341 967 3394 tum
981 3332 1054 3414 quia
1066 3339 1144 3409 poe·
1182 3349 1193 3356 ·

122 3431 156 3479 ea
179 3413 244 3498 lpse
259 3415 376 3487 indicet
391 3413 477 3480 furta
494 3415 571 3479 haee
583 3433 646 3480 nou
662 3428 725 3479 tam
746 3413 828 3479 inter
840 3429 950 3478 cenam
967 3414 1033 3481 lieri
1052 3415 1144 3484 solita

123 3495 211 3575 esse,
234 3519 300 3584 quo
319 3516 490 3584 tempore,
510 3501 572 3564 *vix
593 3497 664 3576 est,
697 3499 912 3582 nequisquam
936 3501 1072 3582 pariatur
1088 3502 1145 3570 libi

119 3583 255 3651 linteum
272 3584 359 3650 suum
371 3585 466 3669 eripi,
489 3603 581 3667 quam
596 3582 805 3667 perusta-iam
822 3599 921 3656 cena,
940 3601 1035 3669 cum,
1051 3588 1150 3653 subla·

70 3711 74 3718 -
123 3669 167 3734 tis
185 3669 300 3752 epulis,
315 3670 412 3752 jocari
432 3671 589 3736 convivae
610 3669 690 3734 inter
713 3664 767 3748 se,
790 3665 1158 3756 &maioribuspoeulir

119 3753 256 3839 poscere
281 3753 526 3820 consueverant.
557 3751 588 3818 id
611 3753 693 3818 enim
717 3749 927 3834 tempus'non
947 3753 1082 3822 obscure
1097 3759 1143 3823 in·

118 3841 216 3919 nuit,
232 3857 304 3904 cum
322 3840 386 3918 air,
408 3839 446 3904 In
461 3841 638 3924 jocumque
658 3840 750 3904 rino:
773 3835 854 3902 ut&
880 3833 980 3918 infra,
1004 3841 1145 3908 Reddens

118 3939 228 3993 mutuo
241 3937 297 4010 per
308 3928 410 4013 jocum
428 3937 519 4013 alque
536 3926 650 3992 meum.
689 3919 893 4022 Marrucinos
906 3925 1034 4010 quidem
1051 3945 1152 4081 poqu·

160 4047 167 4056 ·
1118 4033 1154 4082 oe
