2800 4892
284 337 342 388 rar
384 313 685 389 Canunnura
726 318 1004 392 eonnrnr.
1088 307 1159 409 '825
1247 298 1257 308 ⁸

138 482 250 574 guium
268 475 415 564 capillo]
437 480 653 558 loraaerafflpaoa
682 495 733 542 cas
751 475 897 563 Orpheus
914 479 946 550 in
962 478 1087 566 hymnis
1105 501 1163 546 vo·

141 583 206 635 cat.
229 562 318 718 zm
336 559 597 647 quoniamae]
620 555 808 628 eal-demum
820 559 1042 632 detestationes
1055 563 1161 632 valere

137 651 251 721 arbitra
275 664 388 728 antur,
417 643 530 733 quibus
559 643 628 730 quis
656 664 759 726 vero,
788 665 836 712 ma
879 665 985 733 oque,
1006 667 1069 716 non
1095 651 1157 716 levi

140 753 193 804 aut
207 733 350 802 insulano
367 729 480 798 dolore
492 743 599 796 motus
611 729 706 796 alium
724 729 836 798 defixis
851 747 903 797 et.
924 749 991 798 tum
1002 733 1158 802 veronul-

80 879 92 890 ,
138 823 201 890 lam
222 817 367 910 expiandi
379 811 620 900 rationemesse
637 814 868 886 existimabant.
908 811 1079 900 Horatius,

323 986 418 1052 Diris
439 1002 530 1069 ugum
554 1002 626 1050 ros.
651 983 721 1050 diro
743 979 900 1070 detestatio
996 1013 1000 1029 ·

368 1067 472 1138 Nullo
494 1071 637 1154 expiatur
662 1069 797 1135 riliima.

187 1231 247 1300 Sel
266 1225 385 1314 quoii]
407 1225 498 1293 locus
511 1223 588 1304 hic,
607 1223 629 1294 ii
646 1223 812 1310 diligenter
826 1226 1073 1311 animadvertas,
1087 1231 1163 1297 c'on·
1241 1277 1245 1286 .

145 1317 250 1388 firmat
270 1314 322 1393 id,
343 1311 430 1398 quod
445 1308 478 1376 su
501 1329 534 1376 ra
548 1309 607 1376 teti
630 1310 729 1387 imus,
749 1330 813 1380 non
832 1309 942 1380 in'rari
955 1315 1161 1394 anirnivitio,

143 1403 220 1484 sed,
246 1397 411 1495 obliuione
428 1415 447 1462 a
486 1329 683 1492 iisobje{13‚
705 1391 819 1462 fecisse
836 1331 1017 1479 Tffrescum',
1040 1414 1075 1462 ur
1094 1399 1161 1464 Ari-

147 1490 259 1560 adnam
279 1481 487 1566 relinqueret.
515 1479 579 1564 ipsa
602 1495 684 1546 enun
703 1497 848 1563 precatur
866 1482 961 1562 deos,
983 1497 1018 1550 ut
1031 1482 1114 1568 quali
1130 1481 1160 1548 le

145 1587 255 1642 mente
274 1565 400 1652 reliquit
421 1563 586 1646 Theseus,
614 1561 668 1628 tali
693 1564 785 1631 ctiam
801 1565 938 1632 funestet
956 1565 1037 1634 suos.
1080 1567 1165 1634 Vota

145 1673 250 1726 autem
267 1653 339 1736 Jovi
355 1648 488 1736 probata
506 1647 595 1728 esse,
616 1645 698 1714 infra
713 1649 840 1716 dicitur.
881 1649 962 1718 Cum
977 1667 1054 1736 ergo
1074 1649 1161 1716 The·

147 1743 218 1813 scus
232 1737 397 1806 oblivione
412 1733 542 1800 domum
561 1730 644 1799 suam
668 1731 774 1816 postea
797 1731 1031 1810 funestarent,
1057 1736 1166 1800 conse-

145 1829 272 1914 quitur,
294 1836 330 1888 ut
347 1817 512 1887 oblivione
528 1835 657 1902 quoque
673 1833 764 1884 antea
783 1815 966 1886 deseruisset
983 1820 1161 1890 Ariadnam.

148 1911 213 1981 Sed
242 1909 324 1974 idem
353 1903 451 1990 magis
474 1902 570 1970 etiam
599 1920 638 1970 ex
671 1902 733 1968 iilis
765 1901 901 1972 verfibus
927 1903 1077 1985 constat,
1110 1904 1165 1989 qui

146 1994 231 2070 infra
256 1991 426 2082 leguntur,

181 2153 270 2218 '-
291 2160 411 2248 quolam
433 2153 575 2224 Minoidi
594 2153 704 2222 lulium
825 2231 828 2240 .
1000 2227 1003 2236 ¹

231 2247 399 2338 Obiulerur
413 2256 516 2310 rueme
537 2241 721 2318 immemori,
743 2241 834 2307 lolem
855 2239 918 2329 ipsr
941 2245 1066 2328 recepit.
1199 2244 1200 2255 ’

146 2439 184 2490 ut
201 2421 262 2520 jam
279 2411 483 2562 dubitandum
502 2407 566 2560 nu?
585 2407 642 2510 iit,
663 2401 833 2511 quin'lr'anc
856 2395 1172 2509 sententiamoCatul's.

148 2509 199 2660 ¹32⁸
213 2502 378 2674 ligii
391 2513 526 2660 iil,
561 2495 826 2646 ”lwiiili'JaJ
843 2493 935 2647 ulii
948 2495 1164 2663 &iiiiii

147 2679 390 2748 immerentem,
410 2667 563 2734 afficeret.
594 2665 935 2760 Quorouc&1reilur.]
957 2664 1113 2750 sumptum
1127 2669 1186 2752 exj

148 2760 307 2830 Homero.
347 2753 464 2818 Dulcia
470 2747 609 2838 figam]
636 2748 932 2818 candrdumvelurn.
973 2745 1166 2836 Ereptum]

144 2845 334 2915 liberatum.
355 2839 398 2903 iic
417 2834 526 2920 supra,

230 3049 269 3066 ..
291 3027 345 3096 ego
367 3019 396 3073 le
416 3008 450 3072 in
470 2999 564 3070 medio
589 2977 754 3090 uersantem
774 3004 893 3070 turbine
917 3004 972 3068 lari
1003 2995 1004 3000 ’

65 3208 71 3222 ·
149 3180 279 3265 Eripui.
331 3169 438 3260 anlor
461 3167 596 3258 diunr,]
629 3170 788 3245 Palladis,
826 3188 906 3252 quae
930 3169 1163 3240 Atlrcnienfiunr
1264 3173 1268 3186 '

148 3261 273 3354 praeses
290 3273 367 3328 erat.
410 3255 539 3322 Rerum
563 3259 598 3323 in
617 3253 786 3340 extremo}
816 3256 1019 3340 nequeenim
1043 3257 1079 3322 ad
1108 3277 1161 3337 pa·
1247 3277 1248 3282 ¹

148 3368 231 3418 trem
254 3345 343 3410 venit
367 3337 531 3422 Theseus,
562 3340 616 3408 niii
641 3340 703 3424 jam
723 3337 865 3418 aduitus,
887 3340 1056 3424 multisque
1073 3341 1166 3410 editis

146 3430 313 3522 praeclaris
327 3423 520 3493 facinoribus
538 3425 664 3492 nobilis.
711 3423 795 3490 Vide
815 3423 1028 3492 Plutarchum.
1072 3428 1167 3492 Cani-

151 3523 226 3586 tiem
247 3511 370 3598 uarro]
391 3508 539 3578 mosanti
563 3529 674 3578 uorum
699 3508 732 3576 in
752 3505 851 3574 ruuu.
890 3507 1056 3588 lucendio,
1109 3511 1167 3578 do.

149 3600 303 3676 lorismei
325 3595 479 3662 ardorem.
556 3594 662 3682 icar,]
685 3592 815 3661 indicet.
856 3590 985 3678 laonia]
1008 3593 1166 3663 Paludem

144 3685 315 3771 intelligit,
338 3697 429 3766 quam
446 3677 635 3763 Apollonius
654 3677 797 3761 loonidn,
818 3673 1025 3763 Bacchylides
1047 3677 1162 3746 loonio·

147 3775 191 3841 du
210 3769 363 3839 nominat.
403 3763 515 3832 ltonus
542 3761 714 3832 Thessalus
733 3759 820 3842 fuir,
849 3759 1091 3848 Amphillyonis
1106 3763 1166 3832 fili·

147 3876 208 3938 us,
228 3856 282 3942 qui
299 3851 406 3920 urbem
422 3847 576 3933 quandam
596 3845 809 3916 Thessaliaca
832 3842 865 3911 se
879 3843 1004 3912 ltonem
1023 3849 1163 3914 nomina·

145 3941 254 4028 navit,
281 3937 336 4012 ubi
363 3935 423 4009 dea
441 3933 520 4004 haee
540 3929 841 4088 colebatur.Ffoum
865 3943 970 4002 auteur
999 3929 1076 4014 lto,
1090 3931 1163 4085 lfive
1234 3942 1238 3952 ’
