2742 4894
315 379 378 439 990
526 352 579 424 M.
667 351 711 417 A.
790 347 1162 420 M'onnnt‘

358 515 410 584 Ad
426 511 547 604 praedes
576 505 667 606 suos]
700 505 801 574 nette
819 505 975 589 iudicarat
997 505 1163 576 Ferrarius
1183 509 1231 575 ita
1253 509 1344 600 leg}

318 604 410 670 dum.
432 601 461 664 dt
480 599 523 662 ita
541 593 573 662 in
594 591 820 677 optimolibro
840 591 870 655 le
891 593 966 660 itur.

354 685 439 838 guin
457 684 492 746 in
512 679 562 744 iris
582 675 654 762 ipfis
676 612 890 774 temporibus?
906 675 1088 744 Delendum
1110 674 1159 744 est
1179 679 1283 759 illud,
1307 687 1344 762 it,

313 789 351 836 au
385 782 440 833 oro
459 763 576 832 eodem
595 759 652 834 illo
670 761 762 834 libro.

361 853 476 920 Tamen
492 869 579 936 qoem
597 859 663 912 erut
678 841 909 932 oequisfinrunr]
926 841 1134 930 Hicquoque
1154 865 1242 913 unus
1261 847 1302 913 t'l
1315 868 1342 914 er

311 938 347 1002 iis
362 935 467 1016 locis,
484 941 526 1001 ei
549 931 663 1018 quibus
678 931 719 999 de
734 930 880 998 bonitate
896 945 928 994 at
953 950 992 996 ue
1011 933 1079 996 inte
1101 933 1204 998 ritate
1221 933 1305 998 illius
1319 938 1344 998 i·

309 1022 378 1103 bri,
401 1038 467 1106 quo
485 1017 556 1084 usus
575 1019 642 1084 sum
653 1062 665 1097 ‚
688 1015 853 1082 existimari
874 949 969 1082 faclle
988 951 1101 1100 potellg

358 1105 475 1174 Fauori
500 1103 646 1188 iyrulrni,
661 1097 691 1182 fi
716 1100 795 1164 illud
810 1100 911 1180 sunus
931 1098 1024 1188 suis]
1058 1099 1149 1166 idern
1173 1099 1342 1187 fignificat,

312 1191 400 1341 lam
414 1184 737 1285 superior-inratione,
752 1201 824 1250 cum
840 1181 1236 1269 insepuicomsepaitoron
1256 1189 1342 1261 diti,

202 1394 208 1404 -
315 1267 1343 1452 asiliilicaiaillis‘siuilslsi‘aaii‘i‘’liii

315 1443 410 1514 nubis
432 1439 610 1528 praestitum
633 1437 691 1518 fit,
713 1436 882 1522 intelliges.

359 1530 445 1622 Quiri
459 1545 512 1610 ega
525 1527 559 1588 de
582 1525 801 1588 commentariis
817 1517 974 1604 infinitis,
1000 1521 1128 1608 quidde
1146 1526 1342 1588 innumerosi-

319 1617 398 1684 lilus
415 1607 631 1696 chirographis
650 1605 790 1692 loquori]
812 1603 904 1671 Haec
924 1603 1091 1690 ipsaverba
1102 1611 1251 1692 repetita
1263 1609 1340 1674 uae

212 1727 214 1736 ·
316 1701 348 1767 in
367 1717 404 1764 ea
427 1696 536 1780 pagina
555 1709 635 1776 quae
655 1691 802 1774 proxime
824 1688 973 1773 sequitur.
1018 1690 1138 1774 Neque
1160 1693 1337 1758 dubitati-n

317 1805 354 1857 ea
378 1783 451 1864 hipc
474 1777 587 1844 tollere
612 1790 709 1858 atque
730 1793 931 1860 expungere,
954 1775 975 1844 li
1005 1776 1127 1858 juditio
1150 1795 1232 1842 meo
1252 1783 1339 1863 potin

312 1867 364 1940 ‚uti
374 1913 385 1945 ,
407 1881 499 1948 quam
517 1859 635 1926 veteris
649 1858 720 1924 libri
737 1859 928 1924 austoritati'
939 1878 1048 1942 parere
1061 1860 1262 1926 voluissem.
1285 1881 1341 1926 nam

309 1950 392 2032 ¹nrihl
403 1945 529 2032 quidem
544 1945 607 2010 hoc
627 1943 702 2008 loco
714 1943 815 2028 >plane
829 1941 974 2009 otiosa&
995 1943 1223 2028 supervacanea
1244 1947 1341 2011 cide*-
1361 1971 1363 2022 r

315 2053 388 2104 tur.
420 2048 460 2096 eo
483 2029 580 2115 magis
600 2027 686 2112 quod
710 2027 853 2112 plerique
872 2045 986 2094 omnes
1008 2043 1125 2092 veteres
1141 2028 1216 2092 libri
1236 2029 1299 2094 hat
1323 2036 1340 2096 i:

314 2133 405 2212 parte
422 2114 524 2183 mutili
541 2111 753 2198 &depravati
775 2112 992 2197 rqreriuntur.
1013 2113 1099 2199 quod
1120 2114 1153 2182 dc
1182 2111 1337 2180 Ferraria
1361 2147 1363 2180 r

317 2203 465 2276 cellarum
485 2197 625 2284 reliquit.
1361 2189 1363 2242 l

359 2289 397 2353 ln
416 2285 480 2374 ejus
504 2277 674 2348 tetrarchia
697 2278 809 2366 unum]
833 2278 927 2360 Vox,
950 2300 1063 2356 tinum,
1085 2280 1202 2348 oberat
1225 2282 1262 2346 ab
1279 2285 1342 2346 clio

292 2373 425 2448 libris:
461 2365 546 2437 &in
568 2366 795 2433 eisdemmale
818 2363 878 2430 scri
903 2380 969 2432 tum
999 2379 1096 2446 erat,
1134 2369 1338 2432 terrarium.

318 2459 417 2532 Hunc
429 2467 533 2520 autem
550 2451 655 2548 locum
672 2449 808 2534 ecplicat
830 2383 990 2516 villanus
1010 2469 1079 2534 cap.
1097 2470 1155 2536 23.
1180 2451 1248 2517 libri
1263 2451 1341 2518 tertii

316 2544 472 2615 variarum
496 2536 675 2602 lusitanum,

363 2629 435 2694 Sine
457 2617 581 2706 nestro]
614 2617 660 2684 lta
687 2634 796 2700 aperte
818 2614 965 2702 scripturn
986 2613 1080 2684 estin
1106 2619 1239 2700 optimo
1253 2619 1339 2686 horo:

317 2729 355 2786 oe
373 2713 498 2778 inanem
515 2705 584 2772 etse
598 2701 808 2786 conjesiuram
825 2699 956 2767 Ferrarii
976 2717 1135 2786 appareat.

310 2854 329 2870 .,
361 2795 435 2860 Cum
452 2803 506 2858 suu
520 2789 593 2870 quid
612 2783 759 2936 interest}
784 2784 861 2852 Non
882 2785 1016 2852 libenter
1032 2784 1142 2866 facio,
1168 2806 1207 2854 ut
1226 2805 1340 2854 onerari

318 2895 420 2952 meam
444 2875 626 2942 venditemr
649 2869 702 2936 sed
726 2871 735 2937 i
759 2887 807 2936 ern
830 2868 936 2938 facere
956 2889 1020 2938 non
1034 2867 1189 2956 possum,
1212 2855 1288 2956 quin
1307 2873 1340 2938 la

193 2981 201 2994 ·
319 2969 441 3037 ctorem
458 2959 641 3026 admoneam
659 2955 707 3021 hio
727 2955 884 3021 &talibus
904 2955 1002 3032 locis,
1026 2971 1059 3020 ut
1073 2953 1157 3022 hanc
1175 2958 1339 3024 editionea

319 3069 394 3120 cum
417 3045 485 3114 aliie
514 3038 679 3112 conferat:
709 3058 776 3112 uuo
799 3039 895 3126 magis
918 3039 1095 3126 intelligant
1123 3059 1265 3124 omnes,
1289 3061 1340 3108 nu

317 3133 473 3292 {rugat
497 3145 550 3194 me
572 3125 686 3194 librum
715 3123 825 3206 illum,
855 3141 920 3212 quo
944 3121 1016 3194 uiue
1040 3125 1133 3207 sum,
1166 3143 1237 3194 tam
1262 3127 1342 3213 saepe

335 3241 373 3288 au
396 3235 451 3284 an.

364 3305 438 3369 Cum
454 3299 546 3364 eriam
563 3293 698 3380 Capuam
710 3296 856 3360 colonium
871 3291 1015 3358 deducere
1026 3305 1154 3360 tonatur
1172 3295 1224 3381 er]
1241 3295 1277 3364 ln
1289 3295 1343 3362 alit

321 3386 467 3458 omnibus
485 3378 571 3449 libris
584 3398 650 3445 vox
671 3379 817 3444 colonium
836 3377 1077 3446 deiiderabatur.

216 3544 221 3559 ,
366 3471 459 3540 lilino
486 3463 623 3544 obieris,
646 3464 696 3528 uei
717 3467 819 3548 parius
841 3475 938 3548 poene
967 3482 1024 3528 non
1043 3463 1187 3552 abieris]
1211 3462 1262 3530 ira
1279 3463 1345 3546 iudi·

324 3556 396 3634 cavi
419 3551 585 3636 legendum
616 3565 635 3616 e
668 3548 827 3632 corruptis
857 3563 950 3612 verae
980 3545 1156 3630 scripturae
1189 3551 1345 3636 relligio,

287 3643 291 3652 '
326 3660 408 3730 quae
438 3635 517 3704 naec
546 3647 656 3700 erant:
682 3633 764 3699 illim
785 3632 938 3710 canetis,
968 3631 1015 3698 rel
1043 3635 1148 3718 patius
1171 3647 1276 3718 poene
1298 3651 1345 3698 err

325 3726 482 3798 habueris.

365 3813 440 3877 Cum
464 3807 520 3874 irat
536 3807 570 3871 in
591 3818 710 3866 manum
726 3799 840 3865 latione
855 3799 932 3886 tua]
954 3797 1044 3866 Haec
1064 3795 1218 3886 scriptura
1238 3802 1288 3870 eli
1304 3819 1348 3866 ct·

273 3939 277 3950 .
325 3895 401 3966 teris
419 3891 509 3970 libri:
531 3905 622 3971 quam
639 3899 821 3968 corruptam
837 3882 905 3950 esse
922 3883 1040 3950 sentio:
1062 3886 1236 3969 quomodo
1253 3905 1347 3954 enee

326 3979 427 4052 danda
441 3975 501 4060 lit,
523 3971 676 4059 dispicere
698 3969 843 4060 equidem
862 3987 927 4042 nou
942 3987 1038 4054 queo.
1284 4055 1348 4124 m
