2782 4916
271 423 322 480 tat
366 396 632 528 Cariniana.
670 411 730 481 lV.
772 409 1011 488 Coruini.
1091 425 1175 506 ⁶37.

125 571 178 638 cui
201 569 325 639 senatus
350 585 461 656 togato
485 568 743 656 supplicationem
766 572 972 656 decreverat,
993 591 1088 658 quem
1113 553 1160 727 g

128 659 281 736 Catulus,
300 655 446 740 princeps
473 653 616 737 senatus,
636 675 732 740 quem
756 656 809 724 M.
827 659 928 739 Cato,
951 677 1046 743 quem
1061 658 1128 726 mul

103 815 106 820 ,
124 741 178 808 alii
194 757 356 826 parentem
373 739 493 828 patriae
507 740 705 808 meritissimo
720 759 933 824 vocaverant,
953 741 1005 810 cui
1021 741 1061 811 L.
1075 743 1157 814 Gel-

123 825 187 892 lius
207 842 358 891 coronam
375 826 511 892 civicam
532 843 550 890 a
565 843 633 910 rep.
646 825 753 892 deberi
769 825 909 909 dixerat,
927 827 1002 912 quid
1017 847 1081 896 non
1100 847 1159 916 po-

124 909 191 979 stea
209 909 445 986 calamituum,
467 909 711 994 indignitatum,
733 909 939 976 acerbitatum
950 911 982 978 in
998 931 1054 994 ea,
1075 931 1158 996 quae
1219 930 1224 938 ·

123 993 219 1092 ipsius
236 992 373 1061 confiliie
394 992 513 1072 stabat,
537 993 669 1061 civitate
683 991 848 1080 perpessus
867 993 940 1061 esti
961 995 1074 1080 ipsein
1092 998 1160 1064 exi·

124 1077 206 1146 lium
228 1079 268 1144 ab
290 1078 418 1143 homine
443 1080 607 1144 teterrimo
630 1077 756 1164 pulllte,
775 1078 899 1168 direpta
916 1079 998 1146 bona
1009 1128 1021 1162 ,
1044 1095 1158 1148 vexata

125 1181 230 1245 uxor,
261 1161 370 1228 venati
395 1162 503 1244 liberi,
536 1163 650 1229 domus
673 1162 819 1231 incensa:
843 1163 998 1248 ¹quicquid
1020 1166 1159 1252 denique

124 1251 284 1314 meruerat
309 1245 460 1326 Clodiua,
493 1245 609 1314 Cicero
634 1247 783 1333 pertulit:
812 1246 845 1312 &¹
863 1266 916 1314 eas
941 1249 985 1317 ob
1007 1247 1087 1336 ipsos
1106 1267 1159 1318 ree

123 1333 277 1420 pertulit,
299 1331 414 1414 quibus
432 1330 517 1402 nulla
537 1333 610 1400 satir
628 1331 729 1416 ampla
745 1332 878 1430 praemia
893 1347 1049 1420 poterant
1067 1335 1157 1400 inve·

122 1416 196 1484 niri.
240 1415 402 1507 Quocirca
417 1414 440 1483 fi
457 1414 542 1498 sola,
565 1433 600 1483 ut
611 1417 704 1482 initio
722 1416 804 1498 dixi,
825 1417 1034 1506 ppaemiorum
1050 1416 1159 1504 caspe·

123 1501 266 1567 datione
285 1500 436 1585 praeclari
456 1501 518 1566 virl
540 1501 580 1567 ad
599 1500 771 1582 virtutem,
800 1499 891 1568 &ad
912 1501 1083 1586 juvandum
1101 1521 1155 1588 ge·

123 1604 183 1652 nus
212 1585 376 1652 hominum
402 1585 650 1653 adducerentur:
674 1584 847 1654 multisne
871 1586 989 1668 dubio,
1019 1589 1158 1674 cognite

122 1671 257 1737 aliorum
274 1669 417 1746 casibus,
440 1687 457 1736 a
473 1669 637 1756 proposito
654 1669 900 1738 abducerentur.
941 1671 1004 1739 Sed
1021 1671 1066 1740 ell
1083 1691 1157 1760 pro·

116 1754 235 1837 sedo,
252 1755 447 1834 Mocenice,
476 1753 521 1829 eli
539 1753 638 1838 maior
656 1755 809 1840 quaedam
830 1756 898 1838 vis,
921 1773 1003 1839 quae
1018 1756 1095 1839 tibi,
1116 1768 1154 1824 ae

124 1839 173 1906 tui
199 1838 350 1907 smilibue
373 1835 581 1924 persuadeat,
610 1839 761 1908 virtutem
788 1859 853 1910 nou
881 1841 980 1909 modo
1006 1841 1157 1918 detrudis

123 1923 274 1991 omnibus
294 1923 467 2011 praemiis,
488 1942 599 1990 verum
616 1925 709 1991 etiam
725 1925 893 2012 propositis
913 1925 1062 1996 omnibus
1086 1925 1158 2012 sup·

119 2008 245 2160 ΡΙῑςὶῖε,
275 2006 341 2075 etse
366 2008 593 2094 expetendamr
618 2008 784 2094 pulchrum
809 2007 876 2077 esse
902 2011 1050 2094 adiuvate
1063 2013 1154 2092 cives

137 2113 214 2176 uoa,
235 2095 267 2162 dc
290 2111 402 2161 omnes
425 2111 534 2173 curas,
564 2111 675 2171 omnes
691 2113 731 2159 co
755 2094 924 2175 itationes,
945 2113 1057 2163 omnes
1073 2097 1154 2182 vigi·

118 2175 178 2244 lias
200 2184 232 2248 in
249 2177 293 2244 rei
317 2179 370 2245 ub.
392 2175 491 2244 salute
506 2177 663 2261 defigere3
683 2113 805 2245 nulium
822 2178 890 2260 eius
903 2179 1009 2246 caussa
1050 2182 1156 2249 etlcu·

120 2261 211 2342 lum,
239 2197 354 2330 nuissn
375 2259 544 2342 invidiam,
573 2263 692 2328 nullam
719 2261 956 2329 dimicationem
979 2197 1152 2352 defugeret

87 2396 95 2410 .
117 2346 211 2413 cives
224 2345 384 2415 beneficiis
403 2343 509 2414 affecti
522 2347 544 2414 fi
559 2345 635 2432 quid
655 2347 865 2430 praemiorum
877 2345 1065 2430 retulerint,
1084 2367 1150 2418 non

114 2429 357 2516 repudiandum:
385 2431 429 2499 sn
454 2448 563 2518 parum
589 2430 690 2516 grati,
708 2447 883 2517 parumque
904 2441 1063 2500 memores·
1080 2433 1151 2521 sue·

112 2517 202 2594 tint,
224 2515 450 2602 quiddenique
469 2535 529 2584 noe
543 2514 621 2602 reip.
641 2533 706 2584 non
724 2515 801 2613 quid
820 2515 872 2582 elii
886 2515 979 2582 nobie
991 2517 1150 2596 debeant,

112 2599 341 2686 cogitandum.
363 2598 455 2687 saepe
469 2601 553 2668 enim
572 2618 612 2667 ert
629 2615 661 2666 te
676 2599 803 2678 audivi,
824 2618 897 2668 cum
915 2599 1057 2680 diceres,
1079 2621 1149 2688 gra·

61 2703 63 2706 ·
115 2685 211 2752 tulari
234 2703 268 2752 te
287 2685 365 2766 tibi,
386 2687 573 2769 &magnam
597 2685 728 2784 gratiam
748 2685 865 2752 debere
885 2685 1028 2754 omniurn
1042 2703 1148 2755 rerum

113 2771 310 2838 moderatori
329 2771 411 2852 deo,
435 2767 521 2855 quod
544 2787 580 2838 ea
600 2787 630 2836 m
656 2787 723 2854 rep.
740 2786 833 2836 natur
848 2768 952 2853 esses,
966 2769 1004 2842 ,iu
1018 2789 1079 2856 qua
1091 2789 1148 2838 ve-

111 2855 246 2924 rendum
267 2873 331 2923 non
358 2855 460 2935 esset,
481 2873 545 2922 non
569 2853 665 2925 modo
679 2873 730 2924 ne
752 2855 917 2939 quisquam
932 2855 976 2924 ob
994 2855 1148 2924 virtutem

108 2943 143 3012 in
169 2939 319 3007 invidiam
338 2954 525 3020 vocaretur,
548 2936 600 3006 sed
616 2935 727 3006 nevel
743 2939 878 3006 minimis
890 2940 921 3008 in
937 2957 1037 3026 remp.
1051 2941 1151 3008 bene·
1243 2966 1246 2980 =

109 3025 198 3098 ficiis
218 3021 271 3092 sua
285 3025 420 3110 praemla
434 3024 681 3108 denegarentur:
703 3023 757 3090 sed
778 3039 881 3090 tamen
901 3023 922 3090 li
940 3023 1071 3092 vixisses
1086 3025 1147 3102 illis

108 3109 339 3194 temporibus,
367 3109 397 3178 dt
422 3109 597 3194 optionem
617 3105 674 3174 tibi
703 3108 781 3176 deus
810 3105 952 3189 tulisset,
983 3107 1148 3178 Ciceronis
1271 3175 1274 3184 .

105 3188 276 3262 fortunam
295 3194 335 3258 ab
361 3191 439 3260 urbe
457 3191 644 3260 conservata
664 3191 839 3274 exulantis,
861 3189 1011 3262 fortunae
1036 3194 1149 3265 caesa·

103 3282 175 3359 ris,
193 3281 225 3346 in
244 3279 352 3344 eadem
374 3277 521 3366 oppressa
540 3277 750 3358 dominantis,
771 3277 1019 3363 antepositurutn
1034 3278 1143 3351 fuisse.¹

104 3365 164 3432 Ac
179 3363 272 3447 plane
285 3365 328 3428 ita
343 3361 406 3440 est,
429 3377 466 3428 ut
479 3363 583 3429 dicam
596 3377 609 3427 .·
627 3363 763 3446 gratuita
778 3360 925 3448 prorsus,
945 3370 1010 3431 non
1027 3381 1146 3432 merce·

104 3449 198 3516 naria
223 3446 268 3514 est
290 3449 409 3516 virtut:
438 3465 545 3532 neque
564 3448 773 3532 praemiorum
790 3447 989 3516 mercedibus
1002 3449 1040 3516 ad
1058 3451 1144 3518 resia

100 3533 263 3620 agendum
293 3531 420 3598 excelso
447 3531 590 3602 homines
621 3531 767 3615 ingenio,
798 3530 852 3596 sed
878 3529 941 3614 ipsa
969 3531 1144 3618 dignitate,

99 3635 208 3704 atque
227 3616 394 3684 honestate
414 3616 592 3684 ducuntur.
614 3632 669 3680 aut
684 3615 706 3684 li
723 3617 869 3702 quoodo·
877 3617 918 3681 de
935 3617 1041 3704 aliquo¹
1054 3637 1145 3704 prpe.

99 3703 177 3770 nilo
206 3701 368 3790 cogitant,
405 3699 444 3766 de
464 3701 587 3787 gloria,
604 3701 721 3784 'deque
744 3701 981 3768 immortalitate
1008 3705 1144 3788 nornlnip

98 3788 274 3872 cogitant:
309 3787 399 3868 cuiue
422 3785 587 3870 splendore
610 3785 697 3867 capti
719 3787 749 3851 dt
774 3783 913 3863 indensi,
942 3787 1046 3853 omnia
1064 3805 1145 3872 quae

90 3871 232 3962 aspera,
247 3869 379 3939 molesta
387 3918 399 3954 ,
410 3870 550 3940 difficilia
567 3867 716 3958 perpessu
728 3917 738 3951 ,
749 3869 932 3956 impatibilia
944 3867 1000 3960 (*)
1014 3873 1144 3940 credun·

100 3965 112 3980 ·
365 3978 371 3986 ·
683 3980 696 4000 υ
794 3971 817 3996 ··
873 3961 876 3971 '
1072 3971 1152 4043 tur,

130 4069 202 4143 (Ἷ
220 4071 360 4142 smpmliiiis
376 4089 428 4131 non
442 4073 550 4134 berbece
566 4084 619 4130 vox
640 4066 693 4130 eli.
713 4066 755 4125 sed
771 4067 909 4126 Ciceronis
922 4068 955 4124 de
977 4054 1078 4127 simil.
1098 4088 1156 4132 rr.-

91 4141 141 4236 tbi
163 4143 224 4203 dee
243 4147 387 4214 Datilum.
859 4187 868 4208 .
