2802 4920
147 1247 149 1254 ’
260 1241 390 1334 agrestis
411 1241 546 1324 periculo
570 1259 629 1302 nore
651 1241 941 1326 praetermitteret,
975 1243 989 1303 i

240 333 306 422 584
441 321 494 392 M.
578 317 621 390 il.
702 309 1122 389 Μυῑιῑτῐ·ἶ

252 487 368 554 Cicero
392 481 430 548 ad
455 480 628 549 Tironem:
674 475 876 542 Uettsrmtrm
910 481 970 542 mis
993 477 1112 564 possum
1140 495 1267 544 emeret

253 586 281 636 te
311 573 432 646 uertere,
460 580 514 630 teet
538 559 644 646 cerrssu
669 567 802 646 priorum
828 561 908 627 reio:
933 577 1096 640 tutemet,
1120 567 1162 627 mi
1186 561 1270 627 Tiro.

254 655 308 724 Sic
330 653 521 738 negligentia
548 663 629 723 erro,
659 665 720 728 qua
746 665 780 710 ru
798 647 977 732 negligetis:
999 648 1029 718 te
1049 649 1150 716 odium
1166 659 1270 722 tuum,

252 759 317 824 quo
337 737 464 802 te'aiiue
481 731 690 818 prosequitur.
735 730 927 799 'serentium
1151 776 1161 816 r

295 903 381 978 Num
403 921 497 990 meque
519 902 711 990 negligentia
733 915 808 984 tua,
829 917 924 992 neque
946 899 1012 969 telio
1034 900 1068 967 iel
1082 901 1165 986 feeit
1187 915 1249 970 tue.
1284 983 1286 991 ‚

263 1075 316 1152 Sic
341 1072 467 1164 imfiiine
489 1070 642 1156 alieuius,
676 1085 739 1142 non
766 1089 842 1155 quae
862 1067 929 1154 ipse
957 1069 1088 1153 tendit,
1123 1073 1177 1139 iod
1201 1090 1280 1157 quae

259 1161 313 1244 ipsi
347 1157 529 1226 tenduntur.
575 1153 691 1222 cicero
718 1173 778 1240 pro
809 1154 946 1222 Coelio:
974 1153 1067 1307 geori
1087 1160 1121 1222 iet
1146 1157 1279 1246 alicujus

1031 1239 1116 1304 iromo
1142 1241 1277 1306 eruetms

214 1334 218 1354 ¹
247 1335 296 1398 iio
329 1325 447 1410 infiiiir
479 1323 640 1404 iobisfimi
671 1321 1079 1402 immiteis-disfimuiumirem
1113 1337 1235 1410 poteret
1258 1323 1280 1388 ‘i

261 1414 360 1564 mulien
379 1412 432 1511 ‚bis
456 1409 626 1478 consimilia
641 1408 797 1500 reperiet,
818 1407 839 1478 fi
858 1411 927 1499 quis
949 1424 1097 1479 accurate
1113 1407 1281 1478 observare

262 1519 307 1574 vo
323 1513 413 1564 uerit.

315 1583 431 1650 Verum
447 1584 539 1646 etium
554 1579 657 1666 ritae]
682 1577 841 1647 Convenit
857 1598 929 1646 cum
948 1598 1008 1660 eo,
1031 1579 1119 1666 quod
1130 1581 1163 1652 itt
1176 1575 1282 1648 smattt

240 1669 405 1751 ,dixeram
426 1667 553 1749 patriam
575 1665 628 1728 iibi
646 1667 712 1730 vitu
729 1665 879 1730 curioreru
895 1664 972 1732 ense.

307 1759 402 1816 ouem
419 1745 630 1836 veliementer]
657 1749 684 1817 ii
706 1750 863 1816 contrario
880 1751 1129 1837 intelligendum.
1343 1814 1346 1823 .

306 1813 514 1918 Tongilium]
550 1835 688 1909 omnes.
717 1853 799 1920 quos
814 1852 875 1923 ego
900 1835 1025 1920 quidem
1040 1836 1190 1916 viderim,
1212 1831 1286 1900 iibri

268 1937 414 1994 veteres,
444 1917 630 2006 Tongilium.
734 1935 742 1944 ·

314 2004 488 2089 Tongilium
506 2003 585 2070 milti
601 2002 729 2090 eduxit]
759 2003 840 2070 iilud
862 2050 872 2080 ,
901 2005 1004 2082 milri,
1035 2005 1071 2070 ed
1092 2001 1285 2070 sententiam
1328 2067 1333 2086 ,

51 2110 58 2130 ’
160 2155 162 2160 s
273 2088 368 2168 nibil,
389 2088 428 2170 ael
448 2086 599 2156 ilermonie
620 2089 825 2173 elegantiam,
857 2089 906 2168 ie,
941 2105 975 2155 ut
997 2090 1038 2156 ita
1059 2088 1284 2166 dixerim,ur-

270 2175 444 2240 benitatem
459 2173 553 2258 longe
573 2173 739 2258 plurimum
756 2174 906 2258 adjungit.
946 2175 998 2240 Sic
1017 2173 1113 2254 inira,
1135 2172 1203 2266 Qui
1230 2175 1291 2237 mi·

271 2260 305 2325 m
326 2259 506 2324 occurentes
523 2262 556 2322 ire
573 2263 739 2324 conviviis.
766 2261 795 2324 bt
813 2277 872 2344 pro
887 2259 1039 2336 Murena,
1066 2259 1160 2342 Apud
1171 2261 1291 2322 'exerci-

274 2357 335 2410 tom
354 2339 431 2407 miiri
441 2341 564 2422 fueris,
586 2345 708 2426 iuquit,
731 2355 773 2407 tot
793 2361 897 2414 eonor.
940 2341 1117 2420 Terentius
1143 2343 1289 2410 Phornri.

270 2448 355 2502 one:
378 2427 453 2517 Qui·
466 2430 525 2508 mi,
549 2427 658 2492 obieri
674 2441 913 2494 rexeresrerrtum
931 2423 971 2512 eJi
982 2475 995 2510 ,
1020 2441 1082 2491 term
1090 2425 1177 2574 ¹[iuret
1188 2423 1289 2512 ferrer.

290 2513 352 2582 ,im
375 2511 569 2598 praetexto]
607 2511 780 2577 imberbem
812 2512 960 2577 videlicet
994 2511 1087 2576 tdoie
1103 2511 1289 2578 centulum.

269 2611 466 2689 praetextam
484 2597 565 2662 enirn
589 2593 734 2662 ferebant
750 2597 897 2679 usquead
914 2614 1026 2661 annum
1049 2595 1163 2660 aetatis
1179 2593 1291 2665 XVil.

320 2679 507 2767 columnia]
531 2679 629 2744 itare
653 2680 718 2744 erio
734 2683 829 2746 etiarn
855 2679 886 2746 in
902 2681 1022 2746 ceitmo
1042 2681 1177 2746 exaratis
1193 2679 1294 2748 libris.

274 2785 379 2849 neque
400 2779 504 2830 temen
526 2699 655 2830 dubiui}
684 2761 749 2838 est,
783 2764 857 2849 quin
881 2783 917 2830 en
939 2784 1006 2832 vox
1029 2779 1084 2828 aut
1103 2765 1236 2831 omnino
1252 2781 1298 2827 re·

273 2851 420 2926 dundee,
450 2865 503 2910 eut
531 2847 636 2934 aliquo
662 2849 759 2922 inodo
784 2865 934 2936 corrupte
951 2850 1011 2918 stt.
1033 2867 1097 2935 ogo
1119 2850 1201 2914 certi
1220 2847 1296 2916 nihil

268 2932 472 3024 pronuntiare
488 2931 599 3006 auden.

270 3105 294 3175 b
316 3012 509 3162 Publigium,
532 3018 568 3090 ὅ*
590 3015 788 3104 Munatium]
811 3013 926 3091 iterum
941 3019 1149 3103 repetendum
1165 3018 1211 3086 est
1225 3036 1295 3088 ver.

296 3123 369 3182 um,
389 3119 402 3164 e
426 3111 506 3165 utet.

324 3185 492 3268 Reliquit,
515 3204 587 3268 ques
606 3183 709 3272 uiros]
732 3183 779 3252 lta
798 3186 1007 3256 emendandus
1022 3185 1067 3252 est
1085 3187 1178 3254 iocus
1201 3185 1254 3253 hic
1279 3205 1299 3256 e

277 3269 442 3336 veteribus
467 3267 572 3334 libris:
612 3272 762 3354 relinquit
790 3291 862 3355 quos
893 3273 1012 3338 viros?
1054 3273 1175 3358 quante*
1197 3275 1302 3338 etiem

282 3354 382 3420 uere?
404 3373 492 3436 quom
512 3353 672 3420 retentes?
698 3374 784 3438 quem
803 3356 946 3424 nobiles?
967 3357 1135 3423 iilaautctn
1152 3355 1301 3423 duovet·

278 3437 339 3518 ba,
368 3455 418 3502 ros
437 3439 567 3516 ridetis,
590 3455 693 3524 neque
716 3440 746 3506 in
775 3439 908 3506 vetuilie
929 3439 1160 3526 exemplaribus
1188 3443 1306 3528 legun.

282 3539 354 3602 tur,
377 3521 487 3588 &sine
508 3521 631 3604 dubio,
653 3522 757 3588 addita
784 3522 913 3590 suntab
940 3525 1046 3610 aliquo
1071 3525 1203 3611 inepto,
1226 3527 1305 3612 qui,

278 3604 389 3680 deesse
411 3609 592 3692 quippiam,
618 3627 723 3672 errore
736 3608 868 3688 duetus,
892 3607 1083 3756 oXinaretur.

326 3685 436 3774 ireque
453 3712 506 3776 ego
527 3691 636 3778 illum]
663 3692 782 3759 Locum
805 3693 889 3758 bunc
927 3710 1111 3777 epruvntum
1131 3691 1201 3760 esse
1225 3711 1307 3762 con-

281 3775 355 3847 iiet.
389 3791 451 3860 ego
472 3793 576 3841 autern
598 3781 712 3868 partim
735 3794 878 3842 veterum
899 3777 1050 3846 iibrorum
1073 3779 1217 3858 arxitio,
1240 3799 1311 3866 pet·

273 3860 337 3932 tim
353 3859 446 3926 etiarn
466 3859 771 3942 eonjeiiurenbeue,
791 3861 921 3928 conlido
931 3857 1026 3944 iore,
1044 3877 1081 3929 ue
1095 3881 1169 3930 eum
1188 3866 1221 3932 bt
1238 3881 1307 3932 cor·

271 3947 395 4056 urigatu,
417 3945 448 4020 lit
464 3946 632 4020 declarem.
676 3943 837 4044 Sententia
850 3945 944 4040 igitur
959 3946 1125 4023 Ciceronis
1142 3947 1305 4104 baecffe
